NY000010000313740000037000080800000000000000000000000000000000000000000000000000
NY040020001018445000003737810708191000000000000000000000000000000000000000000000
NY04033000000010407123720127798200000000000260200                         000000
NY0403310000001LÆRLINGTILLERUM FABRIKKER AS       LÆRLINGTILSKUDD V-2012   00000
NY0403400000001LERUM FABRIKKER AS            6854   KAUPANGER                000
NY0403410000001                                                               00
NY04034900000010011KONTROLLER BELØPET                      000000000000000000000
NY04034900000010012LÆRLINGTILSKUDD                         000000000000000000000
NY04034900000010021DERSOM DET ER ENDRINGER I LÆREFORHOLDET 000000000000000000000
NY04034900000010031SKAL DETTE MELDES Y-NEMNDA OMGÅENDE     000000000000000000000
NY04034900000010041FOR MYE UTBETALT, SKAL TILBAKEBETALES   000000000000000000000
NY04034900000010051TIL FYLKESKASSEREREN.                   000000000000000000000
NY04033000000020407126550059791100000000006007870                         000000
NY0403310000002LÆRLINGTILSOGN BILSERVICE AS       LÆRLINGTILSKUDD V-2012   00000
NY0403400000002SOGN BILSERVICE AS            6821   SANDANE                  000
NY0403410000002Postboks 283                                                   00
NY04034900000020011KONTROLLER BELØPET                      000000000000000000000
NY04034900000020012LÆRLINGTILSKUDD                         000000000000000000000
NY04034900000020021DERSOM DET ER ENDRINGER I LÆREFORHOLDET 000000000000000000000
NY04034900000020031SKAL DETTE MELDES Y-NEMNDA OMGÅENDE     000000000000000000000
NY04034900000020041FOR MYE UTBETALT, SKAL TILBAKEBETALES   000000000000000000000
NY04034900000020051TIL FYLKESKASSEREREN.                   000000000000000000000
NY04033000000030407123710050476700000000002730850                         000000
NY0403310000003LÆRLINGTILVEREIDE BLOMSTER AS      LÆRLINGTILSKUDD V-2012   00000
NY0403400000003VEREIDE BLOMSTER AS           6823   SANDANE                  000
NY0403410000003                                                               00
NY04034900000030011KONTROLLER BELØPET                      000000000000000000000
NY04034900000030012LÆRLINGTILSKUDD                         000000000000000000000
NY04034900000030021DERSOM DET ER ENDRINGER I LÆREFORHOLDET 000000000000000000000
NY04034900000030031SKAL DETTE MELDES Y-NEMNDA OMGÅENDE     000000000000000000000
NY04034900000030041FOR MYE UTBETALT, SKAL TILBAKEBETALES   000000000000000000000
NY04034900000030051TIL FYLKESKASSEREREN.                   000000000000000000000
NY04033000000040407123741052123800000000001263635                         000000
NY0403310000004LÆRLINGTILBLOMSTERTORGET AS        LÆRLINGTILSKUDD V-2012   00000
NY0403400000004BLOMSTERTORGET AS             6963   DALE I SUNNFJORD         000
NY0403410000004Dale Senter                                                    00
NY04034900000040011KONTROLLER BELØPET                      000000000000000000000
NY04034900000040012LÆRLINGTILSKUDD                         000000000000000000000
NY04034900000040021DERSOM DET ER ENDRINGER I LÆREFORHOLDET 000000000000000000000
NY04034900000040031SKAL DETTE MELDES Y-NEMNDA OMGÅENDE     000000000000000000000
NY04034900000040041FOR MYE UTBETALT, SKAL TILBAKEBETALES   000000000000000000000
NY04034900000040051TIL FYLKESKASSEREREN.                   000000000000000000000
NY04033000000050407129526053776900000000008192550                         000000
NY0403310000005LÆRLINGTILTRUCKNOR SOGN OG FJORDANELÆRLINGTILSKUDD V-2012   00000
NY0403400000005TRUCKNOR SOGN OG FJORDANE AS  6821   SANDANE                  000
NY0403410000005Postboks 283                                                   00
NY04034900000050011KONTROLLER BELØPET                      000000000000000000000
NY04034900000050012LÆRLINGTILSKUDD                         000000000000000000000
NY04034900000050021DERSOM DET ER ENDRINGER I LÆREFORHOLDET 000000000000000000000
NY04034900000050031SKAL DETTE MELDES Y-NEMNDA OMGÅENDE     000000000000000000000
NY04034900000050041FOR MYE UTBETALT, SKAL TILBAKEBETALES   000000000000000000000
NY04034900000050051TIL FYLKESKASSEREREN.                   000000000000000000000
NY04033000000060407123705147935200000000004292050                         000000
NY0403310000006LÆRLINGTILNORGESVINDUET BJØRLO AS  LÆRLINGTILSKUDD V-2012   00000
NY0403400000006NORGESVINDUET BJØRLO AS       6770   NORDFJORDEID             000
NY0403410000006Øyane 1                                                        00
NY04034900000060011KONTROLLER BELØPET                      000000000000000000000
NY04034900000060012LÆRLINGTILSKUDD                         000000000000000000000
NY04034900000060021DERSOM DET ER ENDRINGER I LÆREFORHOLDET 000000000000000000000
NY04034900000060031SKAL DETTE MELDES Y-NEMNDA OMGÅENDE     000000000000000000000
NY04034900000060041FOR MYE UTBETALT, SKAL TILBAKEBETALES   000000000000000000000
NY04034900000060051TIL FYLKESKASSEREREN.                   000000000000000000000
NY04033000000070407125381050073100000000002730850                         000000
NY0403310000007LÆRLINGTILNORDVESTVINDUET  AS      LÆRLINGTILSKUDD V-2012   00000
NY0403400000007NORDVESTVINDUET  AS           6713   ALMENNINGEN              000
NY0403410000007                                                               00
NY04034900000070011KONTROLLER BELØPET                      000000000000000000000
NY04034900000070012LÆRLINGTILSKUDD                         000000000000000000000
NY04034900000070021DERSOM DET ER ENDRINGER I LÆREFORHOLDET 000000000000000000000
NY04034900000070031SKAL DETTE MELDES Y-NEMNDA OMGÅENDE     000000000000000000000
NY04034900000070041FOR MYE UTBETALT, SKAL TILBAKEBETALES   000000000000000000000
NY04034900000070051TIL FYLKESKASSEREREN.                   000000000000000000000
NY04033000000080407123838076504400000000002184680                         000000
NY0403310000008LÆRLINGTILLÆRDAL ENERGI AS         LÆRLINGTILSKUDD V-2012   00000
NY0403400000008LÆRDAL ENERGI AS              6886   LÆRDAL                   000
NY0403410000008Postboks 94                                                    00
NY04034900000080011KONTROLLER BELØPET                      000000000000000000000
NY04034900000080012LÆRLINGTILSKUDD                         000000000000000000000
NY04034900000080021DERSOM DET ER ENDRINGER I LÆREFORHOLDET 000000000000000000000
NY04034900000080031SKAL DETTE MELDES Y-NEMNDA OMGÅENDE     000000000000000000000
NY04034900000080041FOR MYE UTBETALT, SKAL TILBAKEBETALES   000000000000000000000
NY04034900000080051TIL FYLKESKASSEREREN.                   000000000000000000000
NY04033000000090407123800050036100000000009157707                         000000
NY0403310000009LÆRLINGTILSOGNEKRAFT AS            LÆRLINGTILSKUDD V-2012   00000
NY0403400000009SOGNEKRAFT AS                 6891   VIK I SOGN               000
NY0403410000009POSTBOKS  3                                                    00
NY04034900000090011KONTROLLER BELØPET                      000000000000000000000
NY04034900000090012LÆRLINGTILSKUDD                         000000000000000000000
NY04034900000090021DERSOM DET ER ENDRINGER I LÆREFORHOLDET 000000000000000000000
NY04034900000090031SKAL DETTE MELDES Y-NEMNDA OMGÅENDE     000000000000000000000
NY04034900000090041FOR MYE UTBETALT, SKAL TILBAKEBETALES   000000000000000000000
NY04034900000090051TIL FYLKESKASSEREREN.                   000000000000000000000
NY04033000000100407123700070080100000000019382790                         000000
NY0403310000010LÆRLINGTILSUNNFJORD ENERGI AS      LÆRLINGTILSKUDD V-2012   00000
NY0403400000010SUNNFJORD ENERGI AS           6801   FØRDE                    000
NY0403410000010Boks 123                                                       00
NY04034900000100011KONTROLLER BELØPET                      000000000000000000000
NY04034900000100012LÆRLINGTILSKUDD                         000000000000000000000
NY04034900000100021DERSOM DET ER ENDRINGER I LÆREFORHOLDET 000000000000000000000
NY04034900000100031SKAL DETTE MELDES Y-NEMNDA OMGÅENDE     000000000000000000000
NY04034900000100041FOR MYE UTBETALT, SKAL TILBAKEBETALES   000000000000000000000
NY04034900000100051TIL FYLKESKASSEREREN.                   000000000000000000000
NY04033000000110407123785055420000000000008511400                         000000
NY0403310000011LÆRLINGTILORNES BÅTBYGGERI AS      LÆRLINGTILSKUDD V-2012   00000
NY0403400000011ORNES BÅTBYGGERI AS           6870   ORNES                    000
NY0403410000011                                                               00
NY04034900000110011KONTROLLER BELØPET                      000000000000000000000
NY04034900000110012LÆRLINGTILSKUDD                         000000000000000000000
NY04034900000110021DERSOM DET ER ENDRINGER I LÆREFORHOLDET 000000000000000000000
NY04034900000110031SKAL DETTE MELDES Y-NEMNDA OMGÅENDE     000000000000000000000
NY04034900000110041FOR MYE UTBETALT, SKAL TILBAKEBETALES   000000000000000000000
NY04034900000110051TIL FYLKESKASSEREREN.                   000000000000000000000
NY04033000000120407125368050667800000000001737817                         000000
NY0403310000012LÆRLINGTILSOGN OG FJORDANE TEATER LLÆRLINGTILSKUDD V-2012   00000
NY0403400000012SOGN OG FJORDANE TEATER L/L   6802   FØRDE                    000
NY0403410000012Postboks 324                                                   00
NY04034900000120011KONTROLLER BELØPET                      000000000000000000000
NY04034900000120012LÆRLINGTILSKUDD                         000000000000000000000
NY04034900000120021DERSOM DET ER ENDRINGER I LÆREFORHOLDET 000000000000000000000
NY04034900000120031SKAL DETTE MELDES Y-NEMNDA OMGÅENDE     000000000000000000000
NY04034900000120041FOR MYE UTBETALT, SKAL TILBAKEBETALES   000000000000000000000
NY04034900000120051TIL FYLKESKASSEREREN.                   000000000000000000000
NY04033000000130407125368051120500000000002730850                         000000
NY0403310000013LÆRLINGTILFIRDA MEDIA AS           LÆRLINGTILSKUDD V-2012   00000
NY0403400000013FIRDA MEDIA AS                6800   FØRDE                    000
NY0403410000013BOKS 160                                                       00
NY04034900000130011KONTROLLER BELØPET                      000000000000000000000
NY04034900000130012LÆRLINGTILSKUDD                         000000000000000000000
NY04034900000130021DERSOM DET ER ENDRINGER I LÆREFORHOLDET 000000000000000000000
NY04034900000130031SKAL DETTE MELDES Y-NEMNDA OMGÅENDE     000000000000000000000
NY04034900000130041FOR MYE UTBETALT, SKAL TILBAKEBETALES   000000000000000000000
NY04034900000130051TIL FYLKESKASSEREREN.                   000000000000000000000
NY04033000000140407123785055066300000000003764996                         000000
NY0403310000014LÆRLINGTILLUSTER ENERGIVERK AS     LÆRLINGTILSKUDD V-2012   00000
NY0403400000014LUSTER ENERGIVERK AS          6868   GAUPNE                   000
NY0403410000014                                                               00
NY04034900000140011KONTROLLER BELØPET                      000000000000000000000
NY04034900000140012LÆRLINGTILSKUDD                         000000000000000000000
NY04034900000140021DERSOM DET ER ENDRINGER I LÆREFORHOLDET 000000000000000000000
NY04034900000140031SKAL DETTE MELDES Y-NEMNDA OMGÅENDE     000000000000000000000
NY04034900000140041FOR MYE UTBETALT, SKAL TILBAKEBETALES   000000000000000000000
NY04034900000140051TIL FYLKESKASSEREREN.                   000000000000000000000
NY04033000000150407123775070900200000000022423148                         000000
NY0403310000015LÆRLINGTILFLORA KOMMUNE            LÆRLINGTILSKUDD V-2012   00000
NY0403400000015FLORA KOMMUNE                 6900   FLORØ                    000
NY0403410000015Strandgt. 30                                                   00
NY04034900000150011KONTROLLER BELØPET                      000000000000000000000
NY04034900000150012LÆRLINGTILSKUDD                         000000000000000000000
NY04034900000150021DERSOM DET ER ENDRINGER I LÆREFORHOLDET 000000000000000000000
NY04034900000150031SKAL DETTE MELDES Y-NEMNDA OMGÅENDE     000000000000000000000
NY04034900000150041FOR MYE UTBETALT, SKAL TILBAKEBETALES   000000000000000000000
NY04034900000150051TIL FYLKESKASSEREREN.                   000000000000000000000
NY04033000000160407123700051145600000000001561200                         000000
NY0403310000016LÆRLINGTILREIAKVAM FOTO AS         LÆRLINGTILSKUDD V-2012   00000
NY0403400000016REIAKVAM FOTO AS              6801   FØRDE                    000
NY0403410000016Postboks 31                                                    00
NY04034900000160011KONTROLLER BELØPET                      000000000000000000000
NY04034900000160012LÆRLINGTILSKUDD                         000000000000000000000
NY04034900000160021DERSOM DET ER ENDRINGER I LÆREFORHOLDET 000000000000000000000
NY04034900000160031SKAL DETTE MELDES Y-NEMNDA OMGÅENDE     000000000000000000000
NY04034900000160041FOR MYE UTBETALT, SKAL TILBAKEBETALES   000000000000000000000
NY04034900000160051TIL FYLKESKASSEREREN.                   000000000000000000000
NY04033000000170407123775050254800000000002730850                         000000
NY0403310000017LÆRLINGTILINC ENGINEERING AS       LÆRLINGTILSKUDD V-2012   00000
NY0403400000017INC ENGINEERING AS            6901   FLORØ                    000
NY0403410000017Boks 294                                                       00
NY04034900000170011KONTROLLER BELØPET                      000000000000000000000
NY04034900000170012LÆRLINGTILSKUDD                         000000000000000000000
NY04034900000170021DERSOM DET ER ENDRINGER I LÆREFORHOLDET 000000000000000000000
NY04034900000170031SKAL DETTE MELDES Y-NEMNDA OMGÅENDE     000000000000000000000
NY04034900000170041FOR MYE UTBETALT, SKAL TILBAKEBETALES   000000000000000000000
NY04034900000170051TIL FYLKESKASSEREREN.                   000000000000000000000
NY04033000000180407123781070005000000000161849587                         000000
NY0403310000018LÆRLINGTILSOGN OG FJORDANE FYLKESKOLÆRLINGTILSKUDD V-2012   00000
NY0403400000018SOGN OG FJORDANE FYLKESKOMMUNE6801   FØRDE                    000
NY0403410000018Postboks 173                                                   00
NY04034900000180011KONTROLLER BELØPET                      000000000000000000000
NY04034900000180012LÆRLINGTILSKUDD                         000000000000000000000
NY04034900000180021DERSOM DET ER ENDRINGER I LÆREFORHOLDET 000000000000000000000
NY04034900000180031SKAL DETTE MELDES Y-NEMNDA OMGÅENDE     000000000000000000000
NY04034900000180041FOR MYE UTBETALT, SKAL TILBAKEBETALES   000000000000000000000
NY04034900000180051TIL FYLKESKASSEREREN.                   000000000000000000000
NY04033000000190407123853050129600000000002242350                         000000
NY0403310000019LÆRLINGTILJOHANSEN SLIP & MEK AS   LÆRLINGTILSKUDD V-2012   00000
NY0403400000019JOHANSEN SLIP & MEK AS        6707   RAUDEBERG                000
NY0403410000019                                                               00
NY04034900000190011KONTROLLER BELØPET                      000000000000000000000
NY04034900000190012LÆRLINGTILSKUDD                         000000000000000000000
NY04034900000190021DERSOM DET ER ENDRINGER I LÆREFORHOLDET 000000000000000000000
NY04034900000190031SKAL DETTE MELDES Y-NEMNDA OMGÅENDE     000000000000000000000
NY04034900000190041FOR MYE UTBETALT, SKAL TILBAKEBETALES   000000000000000000000
NY04034900000190051TIL FYLKESKASSEREREN.                   000000000000000000000
NY04033000000200407127874068126400000000008192550                         000000
NY0403310000020LÆRLINGTILVÅGSØY KOMMUNE           LÆRLINGTILSKUDD V-2012   00000
NY0403400000020VÅGSØY KOMMUNE                6701   MÅLØY                    000
NY0403410000020Postboks 294                                                   00
NY04034900000200011KONTROLLER BELØPET                      000000000000000000000
NY04034900000200012LÆRLINGTILSKUDD                         000000000000000000000
NY04034900000200021DERSOM DET ER ENDRINGER I LÆREFORHOLDET 000000000000000000000
NY04034900000200031SKAL DETTE MELDES Y-NEMNDA OMGÅENDE     000000000000000000000
NY04034900000200041FOR MYE UTBETALT, SKAL TILBAKEBETALES   000000000000000000000
NY04034900000200051TIL FYLKESKASSEREREN.                   000000000000000000000
NY04033000000210407123790050247900000000000520400                         000000
NY0403310000021LÆRLINGTILPEPPINOS AS              LÆRLINGTILSKUDD V-2012   00000
NY0403400000021PEPPINOS AS                   6770   NORDFJORDEID             000
NY0403410000021Eidsgata 12                                                    00
NY04034900000210011KONTROLLER BELØPET                      000000000000000000000
NY04034900000210012LÆRLINGTILSKUDD                         000000000000000000000
NY04034900000210021DERSOM DET ER ENDRINGER I LÆREFORHOLDET 000000000000000000000
NY04034900000210031SKAL DETTE MELDES Y-NEMNDA OMGÅENDE     000000000000000000000
NY04034900000210041FOR MYE UTBETALT, SKAL TILBAKEBETALES   000000000000000000000
NY04034900000210051TIL FYLKESKASSEREREN.                   000000000000000000000
NY04033000000220407123785055422700000000002730850                         000000
NY0403310000022LÆRLINGTILNES HANS BYGG AS         LÆRLINGTILSKUDD V-2012   00000
NY0403400000022NES HANS BYGG AS              6869   HAFSLO                   000
NY0403410000022                                                               00
NY04034900000220011KONTROLLER BELØPET                      000000000000000000000
NY04034900000220012LÆRLINGTILSKUDD                         000000000000000000000
NY04034900000220021DERSOM DET ER ENDRINGER I LÆREFORHOLDET 000000000000000000000
NY04034900000220031SKAL DETTE MELDES Y-NEMNDA OMGÅENDE     000000000000000000000
NY04034900000220041FOR MYE UTBETALT, SKAL TILBAKEBETALES   000000000000000000000
NY04034900000220051TIL FYLKESKASSEREREN.                   000000000000000000000
NY04033000000230407123740050034800000000002730850                         000000
NY0403310000023LÆRLINGTILLEIKNES M AS             LÆRLINGTILSKUDD V-2012   00000
NY0403400000023LEIKNES M AS                  6988   ASKVOLL                  000
NY0403410000023Boks 163                                                       00
NY04034900000230011KONTROLLER BELØPET                      000000000000000000000
NY04034900000230012LÆRLINGTILSKUDD                         000000000000000000000
NY04034900000230021DERSOM DET ER ENDRINGER I LÆREFORHOLDET 000000000000000000000
NY04034900000230031SKAL DETTE MELDES Y-NEMNDA OMGÅENDE     000000000000000000000
NY04034900000230041FOR MYE UTBETALT, SKAL TILBAKEBETALES   000000000000000000000
NY04034900000230051TIL FYLKESKASSEREREN.                   000000000000000000000
NY04033000000240407123755052118100000000000455142                         000000
NY0403310000024LÆRLINGTILPÅ HÅRET AS              LÆRLINGTILSKUDD V-2012   00000
NY0403400000024PÅ HÅRET AS                   6963   DALE I SUNNFJORD         000
NY0403410000024                                                               00
NY04034900000240011KONTROLLER BELØPET                      000000000000000000000
NY04034900000240012LÆRLINGTILSKUDD                         000000000000000000000
NY04034900000240021DERSOM DET ER ENDRINGER I LÆREFORHOLDET 000000000000000000000
NY04034900000240031SKAL DETTE MELDES Y-NEMNDA OMGÅENDE     000000000000000000000
NY04034900000240041FOR MYE UTBETALT, SKAL TILBAKEBETALES   000000000000000000000
NY04034900000240051TIL FYLKESKASSEREREN.                   000000000000000000000
NY04033000000250407123790050297500000000001561200                         000000
NY0403310000025LÆRLINGTILHR KONTORSERVICE AS      LÆRLINGTILSKUDD V-2012   00000
NY0403400000025HR KONTORSERVICE AS           6771   NORDFJORDEID             000
NY0403410000025Postboks 64                                                    00
NY04034900000250011KONTROLLER BELØPET                      000000000000000000000
NY04034900000250012LÆRLINGTILSKUDD                         000000000000000000000
NY04034900000250021DERSOM DET ER ENDRINGER I LÆREFORHOLDET 000000000000000000000
NY04034900000250031SKAL DETTE MELDES Y-NEMNDA OMGÅENDE     000000000000000000000
NY04034900000250041FOR MYE UTBETALT, SKAL TILBAKEBETALES   000000000000000000000
NY04034900000250051TIL FYLKESKASSEREREN.                   000000000000000000000
NY04033000000260407129521164058900000000040289397                         000000
NY0403310000026LÆRLINGTILBYGGMESTRENES SERVICEKONTLÆRLINGTILSKUDD V-2012   00000
NY0403400000026BYGGMESTRENES SERVICEKONTOR AS6882   ØVRE ÅRDAL               000
NY0403410000026v/ Petter Løvdahl             Postboks 213                     00
NY04034900000260011KONTROLLER BELØPET                      000000000000000000000
NY04034900000260012LÆRLINGTILSKUDD                         000000000000000000000
NY04034900000260021DERSOM DET ER ENDRINGER I LÆREFORHOLDET 000000000000000000000
NY04034900000260031SKAL DETTE MELDES Y-NEMNDA OMGÅENDE     000000000000000000000
NY04034900000260041FOR MYE UTBETALT, SKAL TILBAKEBETALES   000000000000000000000
NY04034900000260051TIL FYLKESKASSEREREN.                   000000000000000000000
NY04033000000270407123705036110200000000002730850                         000000
NY0403310000027LÆRLINGTILLUNDE HARALD             LÆRLINGTILSKUDD V-2012   00000
NY0403400000027LUNDE HARALD                  6783   STRYN                    000
NY0403410000027                                                               00
NY04034900000270011KONTROLLER BELØPET                      000000000000000000000
NY04034900000270012LÆRLINGTILSKUDD                         000000000000000000000
NY04034900000270021DERSOM DET ER ENDRINGER I LÆREFORHOLDET 000000000000000000000
NY04034900000270031SKAL DETTE MELDES Y-NEMNDA OMGÅENDE     000000000000000000000
NY04034900000270041FOR MYE UTBETALT, SKAL TILBAKEBETALES   000000000000000000000
NY04034900000270051TIL FYLKESKASSEREREN.                   000000000000000000000
NY04033000000280407123775050560100000000001561200                         000000
NY0403310000028LÆRLINGTILSOLBERG SIGURD AS        LÆRLINGTILSKUDD V-2012   00000
NY0403400000028SOLBERG SIGURD AS             6900   FLORØ                    000
NY0403410000028Fugleskjærgata                                                 00
NY04034900000280011KONTROLLER BELØPET                      000000000000000000000
NY04034900000280012LÆRLINGTILSKUDD                         000000000000000000000
NY04034900000280021DERSOM DET ER ENDRINGER I LÆREFORHOLDET 000000000000000000000
NY04034900000280031SKAL DETTE MELDES Y-NEMNDA OMGÅENDE     000000000000000000000
NY04034900000280041FOR MYE UTBETALT, SKAL TILBAKEBETALES   000000000000000000000
NY04034900000280051TIL FYLKESKASSEREREN.                   000000000000000000000
NY04033000000290407126557050280200000000017530187                         000000
NY0403310000029LÆRLINGTILSTRYN KOMMUNE            LÆRLINGTILSKUDD V-2012   00000
NY0403400000029STRYN KOMMUNE                 6783   STRYN                    000
NY0403410000029Tonningsgata 4                                                 00
NY04034900000290011KONTROLLER BELØPET                      000000000000000000000
NY04034900000290012LÆRLINGTILSKUDD                         000000000000000000000
NY04034900000290021DERSOM DET ER ENDRINGER I LÆREFORHOLDET 000000000000000000000
NY04034900000290031SKAL DETTE MELDES Y-NEMNDA OMGÅENDE     000000000000000000000
NY04034900000290041FOR MYE UTBETALT, SKAL TILBAKEBETALES   000000000000000000000
NY04034900000290051TIL FYLKESKASSEREREN.                   000000000000000000000
NY04033000000300407123700145482000000000001561200                         000000
NY0403310000030LÆRLINGTILELIS AS                  LÆRLINGTILSKUDD V-2012   00000
NY0403400000030ELIS AS                       6961   DALE I SUNNFJORD         000
NY0403410000030Postboks 33                                                    00
NY04034900000300011KONTROLLER BELØPET                      000000000000000000000
NY04034900000300012LÆRLINGTILSKUDD                         000000000000000000000
NY04034900000300021DERSOM DET ER ENDRINGER I LÆREFORHOLDET 000000000000000000000
NY04034900000300031SKAL DETTE MELDES Y-NEMNDA OMGÅENDE     000000000000000000000
NY04034900000300041FOR MYE UTBETALT, SKAL TILBAKEBETALES   000000000000000000000
NY04034900000300051TIL FYLKESKASSEREREN.                   000000000000000000000
NY04033000000310407123740050103400000000004452500                         000000
NY0403310000031LÆRLINGTILASKVOLL KOMMUNE          LÆRLINGTILSKUDD V-2012   00000
NY0403400000031ASKVOLL KOMMUNE               6980   ASKVOLL                  000
NY0403410000031                                                               00
NY04034900000310011KONTROLLER BELØPET                      000000000000000000000
NY04034900000310012LÆRLINGTILSKUDD                         000000000000000000000
NY04034900000310021DERSOM DET ER ENDRINGER I LÆREFORHOLDET 000000000000000000000
NY04034900000310031SKAL DETTE MELDES Y-NEMNDA OMGÅENDE     000000000000000000000
NY04034900000310041FOR MYE UTBETALT, SKAL TILBAKEBETALES   000000000000000000000
NY04034900000310051TIL FYLKESKASSEREREN.                   000000000000000000000
NY04033000000320407123790050065400000000005461700                         000000
NY0403310000032LÆRLINGTILWEST MEKAN PRODUKSJON AS LÆRLINGTILSKUDD V-2012   00000
NY0403400000032WEST MEKAN PRODUKSJON AS      6770   NORDFJORDEID             000
NY0403410000032Malakoff 3                                                     00
NY04034900000320011KONTROLLER BELØPET                      000000000000000000000
NY04034900000320012LÆRLINGTILSKUDD                         000000000000000000000
NY04034900000320021DERSOM DET ER ENDRINGER I LÆREFORHOLDET 000000000000000000000
NY04034900000320031SKAL DETTE MELDES Y-NEMNDA OMGÅENDE     000000000000000000000
NY04034900000320041FOR MYE UTBETALT, SKAL TILBAKEBETALES   000000000000000000000
NY04034900000320051TIL FYLKESKASSEREREN.                   000000000000000000000
NY04033000000330407126554050082100000000014294300                         000000
NY0403310000033LÆRLINGTILBÅTBYGG AS               LÆRLINGTILSKUDD V-2012   00000
NY0403400000033BÅTBYGG AS                    6710   RAUDEBERG                000
NY0403410000033                                                               00
NY04034900000330011KONTROLLER BELØPET                      000000000000000000000
NY04034900000330012LÆRLINGTILSKUDD                         000000000000000000000
NY04034900000330021DERSOM DET ER ENDRINGER I LÆREFORHOLDET 000000000000000000000
NY04034900000330031SKAL DETTE MELDES Y-NEMNDA OMGÅENDE     000000000000000000000
NY04034900000330041FOR MYE UTBETALT, SKAL TILBAKEBETALES   000000000000000000000
NY04034900000330051TIL FYLKESKASSEREREN.                   000000000000000000000
NY04033000000340407123755103143900000000002730850                         000000
NY0403310000034LÆRLINGTILMORTENSBAKKE ARNE        LÆRLINGTILSKUDD V-2012   00000
NY0403400000034MORTENSBAKKE ARNE             6963   DALE I SUNNFJORD         000
NY0403410000034                                                               00
NY04034900000340011KONTROLLER BELØPET                      000000000000000000000
NY04034900000340012LÆRLINGTILSKUDD                         000000000000000000000
NY04034900000340021DERSOM DET ER ENDRINGER I LÆREFORHOLDET 000000000000000000000
NY04034900000340031SKAL DETTE MELDES Y-NEMNDA OMGÅENDE     000000000000000000000
NY04034900000340041FOR MYE UTBETALT, SKAL TILBAKEBETALES   000000000000000000000
NY04034900000340051TIL FYLKESKASSEREREN.                   000000000000000000000
NY04033000000350407123710119165700000000002730850                         000000
NY0403310000035LÆRLINGTILAA BRØDRENE AS           LÆRLINGTILSKUDD V-2012   00000
NY0403400000035AA BRØDRENE AS                6829   HYEN                     000
NY0403410000035                                                               00
NY04034900000350011KONTROLLER BELØPET                      000000000000000000000
NY04034900000350012LÆRLINGTILSKUDD                         000000000000000000000
NY04034900000350021DERSOM DET ER ENDRINGER I LÆREFORHOLDET 000000000000000000000
NY04034900000350031SKAL DETTE MELDES Y-NEMNDA OMGÅENDE     000000000000000000000
NY04034900000350041FOR MYE UTBETALT, SKAL TILBAKEBETALES   000000000000000000000
NY04034900000350051TIL FYLKESKASSEREREN.                   000000000000000000000
NY04033000000360407126540050016300000000001821400                         000000
NY0403310000036LÆRLINGTILOPPLÆRINGSKONTORET FOR MØLÆRLINGTILSKUDD V-2012   00000
NY0403400000036OPPLÆRINGSKONTORET FOR MØBEL-,6239   SYKKYLVEN                000
NY0403410000036Postboks 222                                                   00
NY04034900000360011KONTROLLER BELØPET                      000000000000000000000
NY04034900000360012LÆRLINGTILSKUDD                         000000000000000000000
NY04034900000360021DERSOM DET ER ENDRINGER I LÆREFORHOLDET 000000000000000000000
NY04034900000360031SKAL DETTE MELDES Y-NEMNDA OMGÅENDE     000000000000000000000
NY04034900000360041FOR MYE UTBETALT, SKAL TILBAKEBETALES   000000000000000000000
NY04034900000360051TIL FYLKESKASSEREREN.                   000000000000000000000
NY04033000000370407123745102536900000000001820567                         000000
NY0403310000037LÆRLINGTILSPIREN BARNEHAGE         LÆRLINGTILSKUDD V-2012   00000
NY0403400000037SPIREN BARNEHAGE              5745   AURLAND                  000
NY0403410000037Sogn Jord- og Hagebruksskule                                   00
NY04034900000370011KONTROLLER BELØPET                      000000000000000000000
NY04034900000370012LÆRLINGTILSKUDD                         000000000000000000000
NY04034900000370021DERSOM DET ER ENDRINGER I LÆREFORHOLDET 000000000000000000000
NY04034900000370031SKAL DETTE MELDES Y-NEMNDA OMGÅENDE     000000000000000000000
NY04034900000370041FOR MYE UTBETALT, SKAL TILBAKEBETALES   000000000000000000000
NY04034900000370051TIL FYLKESKASSEREREN.                   000000000000000000000
NY04033000000380407128101050007900000000003412063                         000000
NY0403310000038LÆRLINGTILTINE SA                  LÆRLINGTILSKUDD V-2012   00000
NY0403400000038TINE SA                       6826   BYRKJELO                 000
NY0403410000038                                                               00
NY04034900000380011KONTROLLER BELØPET                      000000000000000000000
NY04034900000380012LÆRLINGTILSKUDD                         000000000000000000000
NY04034900000380021DERSOM DET ER ENDRINGER I LÆREFORHOLDET 000000000000000000000
NY04034900000380031SKAL DETTE MELDES Y-NEMNDA OMGÅENDE     000000000000000000000
NY04034900000380041FOR MYE UTBETALT, SKAL TILBAKEBETALES   000000000000000000000
NY04034900000380051TIL FYLKESKASSEREREN.                   000000000000000000000
NY04033000000390407127050061472000000000005853250                         000000
NY0403310000039LÆRLINGTILHYDRO ALUMINIUM AS, HØYANLÆRLINGTILSKUDD V-2012   00000
NY0403400000039HYDRO ALUMINIUM AS, HØYANGER  6991   HØYANGER                 000
NY0403410000039postboks 114                                                   00
NY04034900000390011KONTROLLER BELØPET                      000000000000000000000
NY04034900000390012LÆRLINGTILSKUDD                         000000000000000000000
NY04034900000390021DERSOM DET ER ENDRINGER I LÆREFORHOLDET 000000000000000000000
NY04034900000390031SKAL DETTE MELDES Y-NEMNDA OMGÅENDE     000000000000000000000
NY04034900000390041FOR MYE UTBETALT, SKAL TILBAKEBETALES   000000000000000000000
NY04034900000390051TIL FYLKESKASSEREREN.                   000000000000000000000
NY04033000000400407128380080888200000000001561200                         000000
NY0403310000040LÆRLINGTILNORTURA SA               LÆRLINGTILSKUDD V-2012   00000
NY0403400000040NORTURA SA                    6856   SOGNDAL                  000
NY0403410000040Granden 8                                                      00
NY04034900000400011KONTROLLER BELØPET                      000000000000000000000
NY04034900000400012LÆRLINGTILSKUDD                         000000000000000000000
NY04034900000400021DERSOM DET ER ENDRINGER I LÆREFORHOLDET 000000000000000000000
NY04034900000400031SKAL DETTE MELDES Y-NEMNDA OMGÅENDE     000000000000000000000
NY04034900000400041FOR MYE UTBETALT, SKAL TILBAKEBETALES   000000000000000000000
NY04034900000400051TIL FYLKESKASSEREREN.                   000000000000000000000
NY04033000000410407127694050069500000000001561200                         000000
NY0403310000041LÆRLINGTILHØGSKULEN I SOGN OG FJORDLÆRLINGTILSKUDD V-2012   00000
NY0403400000041HØGSKULEN I SOGN OG FJORDANE  6851   SOGNDAL                  000
NY0403410000041Boks 133                                                       00
NY04034900000410011KONTROLLER BELØPET                      000000000000000000000
NY04034900000410012LÆRLINGTILSKUDD                         000000000000000000000
NY04034900000410021DERSOM DET ER ENDRINGER I LÆREFORHOLDET 000000000000000000000
NY04034900000410031SKAL DETTE MELDES Y-NEMNDA OMGÅENDE     000000000000000000000
NY04034900000410041FOR MYE UTBETALT, SKAL TILBAKEBETALES   000000000000000000000
NY04034900000410051TIL FYLKESKASSEREREN.                   000000000000000000000
NY04033000000420407123841141792900000000002730850                         000000
NY0403310000042LÆRLINGTILNAUSTDAL BENSIN & SERVICELÆRLINGTILSKUDD V-2012   00000
NY0403400000042NAUSTDAL BENSIN & SERVICE AS  6806   NAUSTDAL                 000
NY0403410000042Postboks 94                                                    00
NY04034900000420011KONTROLLER BELØPET                      000000000000000000000
NY04034900000420012LÆRLINGTILSKUDD                         000000000000000000000
NY04034900000420021DERSOM DET ER ENDRINGER I LÆREFORHOLDET 000000000000000000000
NY04034900000420031SKAL DETTE MELDES Y-NEMNDA OMGÅENDE     000000000000000000000
NY04034900000420041FOR MYE UTBETALT, SKAL TILBAKEBETALES   000000000000000000000
NY04034900000420051TIL FYLKESKASSEREREN.                   000000000000000000000
NY04033000000430407123720128207200000000001561200                         000000
NY0403310000043LÆRLINGTILFJØRA FRISØR ANS         LÆRLINGTILSKUDD V-2012   00000
NY0403400000043FJØRA FRISØR ANS              6856   SOGNDAL                  000
NY0403410000043                                                               00
NY04034900000430011KONTROLLER BELØPET                      000000000000000000000
NY04034900000430012LÆRLINGTILSKUDD                         000000000000000000000
NY04034900000430021DERSOM DET ER ENDRINGER I LÆREFORHOLDET 000000000000000000000
NY04034900000430031SKAL DETTE MELDES Y-NEMNDA OMGÅENDE     000000000000000000000
NY04034900000430041FOR MYE UTBETALT, SKAL TILBAKEBETALES   000000000000000000000
NY04034900000430051TIL FYLKESKASSEREREN.                   000000000000000000000
NY04033000000440407123705030587300000000176507766                         000000
NY0403310000044LÆRLINGTILOPPLÆRINGSKONTORET FOR ELLÆRLINGTILSKUDD V-2012   00000
NY0403400000044OPPLÆRINGSKONTORET FOR ELEKTRO6805   FØRDE                    000
NY0403410000044Postboks 781                                                   00
NY04034900000440011KONTROLLER BELØPET                      000000000000000000000
NY04034900000440012LÆRLINGTILSKUDD                         000000000000000000000
NY04034900000440021DERSOM DET ER ENDRINGER I LÆREFORHOLDET 000000000000000000000
NY04034900000440031SKAL DETTE MELDES Y-NEMNDA OMGÅENDE     000000000000000000000
NY04034900000440041FOR MYE UTBETALT, SKAL TILBAKEBETALES   000000000000000000000
NY04034900000440051TIL FYLKESKASSEREREN.                   000000000000000000000
NY04033000000450407123820070014400000000000546170                         000000
NY0403310000045LÆRLINGTILHORNINDAL KOMMUNE        LÆRLINGTILSKUDD V-2012   00000
NY0403400000045HORNINDAL KOMMUNE             6761   HORNINDAL                000
NY0403410000045Postboks 24                                                    00
NY04034900000450011KONTROLLER BELØPET                      000000000000000000000
NY04034900000450012LÆRLINGTILSKUDD                         000000000000000000000
NY04034900000450021DERSOM DET ER ENDRINGER I LÆREFORHOLDET 000000000000000000000
NY04034900000450031SKAL DETTE MELDES Y-NEMNDA OMGÅENDE     000000000000000000000
NY04034900000450041FOR MYE UTBETALT, SKAL TILBAKEBETALES   000000000000000000000
NY04034900000450051TIL FYLKESKASSEREREN.                   000000000000000000000
NY04033000000460407123741206715100000000002730850                         000000
NY0403310000046LÆRLINGTILDALE VIDAREGÅANDE SKULE  LÆRLINGTILSKUDD V-2012   00000
NY0403400000046DALE VIDAREGÅANDE SKULE       6961   DALE I SUNNFJORD         000
NY0403410000046Boks 84                                                        00
NY04034900000460011KONTROLLER BELØPET                      000000000000000000000
NY04034900000460012LÆRLINGTILSKUDD                         000000000000000000000
NY04034900000460021DERSOM DET ER ENDRINGER I LÆREFORHOLDET 000000000000000000000
NY04034900000460031SKAL DETTE MELDES Y-NEMNDA OMGÅENDE     000000000000000000000
NY04034900000460041FOR MYE UTBETALT, SKAL TILBAKEBETALES   000000000000000000000
NY04034900000460051TIL FYLKESKASSEREREN.                   000000000000000000000
NY04033000000470407125205051657100000000002184680                         000000
NY0403310000047LÆRLINGTILBKK NETT AS              LÆRLINGTILSKUDD V-2012   00000
NY0403400000047BKK NETT AS                   5020   BERGEN                   000
NY0403410000047v/Terje Strandtun             Postboks 7050                    00
NY04034900000470011KONTROLLER BELØPET                      000000000000000000000
NY04034900000470012LÆRLINGTILSKUDD                         000000000000000000000
NY04034900000470021DERSOM DET ER ENDRINGER I LÆREFORHOLDET 000000000000000000000
NY04034900000470031SKAL DETTE MELDES Y-NEMNDA OMGÅENDE     000000000000000000000
NY04034900000470041FOR MYE UTBETALT, SKAL TILBAKEBETALES   000000000000000000000
NY04034900000470051TIL FYLKESKASSEREREN.                   000000000000000000000
NY04033000000480407123700149455500000000072133542                         000000
NY0403310000048LÆRLINGTILOPPLÆRINGSKONTOR FOR HOTELÆRLINGTILSKUDD V-2012   00000
NY0403400000048OPPLÆRINGSKONTOR FOR HOTELL OG6804   FØRDE                    000
NY0403410000048BOKS 719                                                       00
NY04034900000480011KONTROLLER BELØPET                      000000000000000000000
NY04034900000480012LÆRLINGTILSKUDD                         000000000000000000000
NY04034900000480021DERSOM DET ER ENDRINGER I LÆREFORHOLDET 000000000000000000000
NY04034900000480031SKAL DETTE MELDES Y-NEMNDA OMGÅENDE     000000000000000000000
NY04034900000480041FOR MYE UTBETALT, SKAL TILBAKEBETALES   000000000000000000000
NY04034900000480051TIL FYLKESKASSEREREN.                   000000000000000000000
NY04033000000490407123745070245600000000002559743                         000000
NY0403310000049LÆRLINGTILAURLAND ENERGIVERK AS    LÆRLINGTILSKUDD V-2012   00000
NY0403400000049AURLAND ENERGIVERK AS         5741   AURLAND                  000
NY0403410000049Postboks 19                                                    00
NY04034900000490011KONTROLLER BELØPET                      000000000000000000000
NY04034900000490012LÆRLINGTILSKUDD                         000000000000000000000
NY04034900000490021DERSOM DET ER ENDRINGER I LÆREFORHOLDET 000000000000000000000
NY04034900000490031SKAL DETTE MELDES Y-NEMNDA OMGÅENDE     000000000000000000000
NY04034900000490041FOR MYE UTBETALT, SKAL TILBAKEBETALES   000000000000000000000
NY04034900000490051TIL FYLKESKASSEREREN.                   000000000000000000000
NY04033000000500407123705035182400000000002730850                         000000
NY0403310000050LÆRLINGTILSOGN KJØLESERVICE AS     LÆRLINGTILSKUDD V-2012   00000
NY0403400000050SOGN KJØLESERVICE AS          6854   KAUPANGER                000
NY0403410000050Bordvegen 6                                                    00
NY04034900000500011KONTROLLER BELØPET                      000000000000000000000
NY04034900000500012LÆRLINGTILSKUDD                         000000000000000000000
NY04034900000500021DERSOM DET ER ENDRINGER I LÆREFORHOLDET 000000000000000000000
NY04034900000500031SKAL DETTE MELDES Y-NEMNDA OMGÅENDE     000000000000000000000
NY04034900000500041FOR MYE UTBETALT, SKAL TILBAKEBETALES   000000000000000000000
NY04034900000500051TIL FYLKESKASSEREREN.                   000000000000000000000
NY04033000000510407123700150310400000000001365425                         000000
NY0403310000051LÆRLINGTILTELE TV DATA KOMMUNIKASJOLÆRLINGTILSKUDD V-2012   00000
NY0403400000051TELE TV DATA KOMMUNIKASJON AS 6801   FØRDE                    000
NY0403410000051Postboks 351                                                   00
NY04034900000510011KONTROLLER BELØPET                      000000000000000000000
NY04034900000510012LÆRLINGTILSKUDD                         000000000000000000000
NY04034900000510021DERSOM DET ER ENDRINGER I LÆREFORHOLDET 000000000000000000000
NY04034900000510031SKAL DETTE MELDES Y-NEMNDA OMGÅENDE     000000000000000000000
NY04034900000510041FOR MYE UTBETALT, SKAL TILBAKEBETALES   000000000000000000000
NY04034900000510051TIL FYLKESKASSEREREN.                   000000000000000000000
NY04033000000520407123240169605800000000046424450                         000000
NY0403310000052LÆRLINGTILMARITIMT OPPLÆRINGSKONTORLÆRLINGTILSKUDD V-2012   00000
NY0403400000052MARITIMT OPPLÆRINGSKONTOR     5501   HAUGESUND                000
NY0403410000052Postboks 132                                                   00
NY04034900000520011KONTROLLER BELØPET                      000000000000000000000
NY04034900000520012LÆRLINGTILSKUDD                         000000000000000000000
NY04034900000520021DERSOM DET ER ENDRINGER I LÆREFORHOLDET 000000000000000000000
NY04034900000520031SKAL DETTE MELDES Y-NEMNDA OMGÅENDE     000000000000000000000
NY04034900000520041FOR MYE UTBETALT, SKAL TILBAKEBETALES   000000000000000000000
NY04034900000520051TIL FYLKESKASSEREREN.                   000000000000000000000
NY04033000000530407123820070045400000000000910283                         000000
NY0403310000053LÆRLINGTILEKORNES MØBLER AS        LÆRLINGTILSKUDD V-2012   00000
NY0403400000053EKORNES MØBLER AS             6761   HORNINDAL                000
NY0403410000053Postboks 33                                                    00
NY04034900000530011KONTROLLER BELØPET                      000000000000000000000
NY04034900000530012LÆRLINGTILSKUDD                         000000000000000000000
NY04034900000530021DERSOM DET ER ENDRINGER I LÆREFORHOLDET 000000000000000000000
NY04034900000530031SKAL DETTE MELDES Y-NEMNDA OMGÅENDE     000000000000000000000
NY04034900000530041FOR MYE UTBETALT, SKAL TILBAKEBETALES   000000000000000000000
NY04034900000530051TIL FYLKESKASSEREREN.                   000000000000000000000
NY04033000000540407126557050284500000000002548793                         000000
NY0403310000054LÆRLINGTILSTRYN ENERGI AS          LÆRLINGTILSKUDD V-2012   00000
NY0403400000054STRYN ENERGI AS               6783   STRYN                    000
NY0403410000054Tinggata 3                                                     00
NY04034900000540011KONTROLLER BELØPET                      000000000000000000000
NY04034900000540012LÆRLINGTILSKUDD                         000000000000000000000
NY04034900000540021DERSOM DET ER ENDRINGER I LÆREFORHOLDET 000000000000000000000
NY04034900000540031SKAL DETTE MELDES Y-NEMNDA OMGÅENDE     000000000000000000000
NY04034900000540041FOR MYE UTBETALT, SKAL TILBAKEBETALES   000000000000000000000
NY04034900000540051TIL FYLKESKASSEREREN.                   000000000000000000000
NY04033000000550407126340050082900000000002730850                         000000
NY0403310000055LÆRLINGTILJYSK FØRDE               LÆRLINGTILSKUDD V-2012   00000
NY0403400000055JYSK FØRDE                    6800   FØRDE                    000
NY0403410000055Naustdalsvegen 1 A                                             00
NY04034900000550011KONTROLLER BELØPET                      000000000000000000000
NY04034900000550012LÆRLINGTILSKUDD                         000000000000000000000
NY04034900000550021DERSOM DET ER ENDRINGER I LÆREFORHOLDET 000000000000000000000
NY04034900000550031SKAL DETTE MELDES Y-NEMNDA OMGÅENDE     000000000000000000000
NY04034900000550041FOR MYE UTBETALT, SKAL TILBAKEBETALES   000000000000000000000
NY04034900000550051TIL FYLKESKASSEREREN.                   000000000000000000000
NY04033000000560407126005052345700000000000520400                         000000
NY0403310000056LÆRLINGTILECO VANNKRAFT AS         LÆRLINGTILSKUDD V-2012   00000
NY0403400000056ECO VANNKRAFT AS              5745   AURLAND                  000
NY0403410000056Avd. EKA v/Eirik Grymyr                                        00
NY04034900000560011KONTROLLER BELØPET                      000000000000000000000
NY04034900000560012LÆRLINGTILSKUDD                         000000000000000000000
NY04034900000560021DERSOM DET ER ENDRINGER I LÆREFORHOLDET 000000000000000000000
NY04034900000560031SKAL DETTE MELDES Y-NEMNDA OMGÅENDE     000000000000000000000
NY04034900000560041FOR MYE UTBETALT, SKAL TILBAKEBETALES   000000000000000000000
NY04034900000560051TIL FYLKESKASSEREREN.                   000000000000000000000
NY04033000000570407123700156009400000000175609437                         000000
NY0403310000057LÆRLINGTILBILBRANSJENS OPPLÆRINGSKOLÆRLINGTILSKUDD V-2012   00000
NY0403400000057BILBRANSJENS OPPLÆRINGSKONTOR 6804   FØRDE                    000
NY0403410000057Postboks 686                                                   00
NY04034900000570011KONTROLLER BELØPET                      000000000000000000000
NY04034900000570012LÆRLINGTILSKUDD                         000000000000000000000
NY04034900000570021DERSOM DET ER ENDRINGER I LÆREFORHOLDET 000000000000000000000
NY04034900000570031SKAL DETTE MELDES Y-NEMNDA OMGÅENDE     000000000000000000000
NY04034900000570041FOR MYE UTBETALT, SKAL TILBAKEBETALES   000000000000000000000
NY04034900000570051TIL FYLKESKASSEREREN.                   000000000000000000000
NY04033000000580407123790152506500000000003475627                         000000
NY0403310000058LÆRLINGTILFJELLMØY AS              LÆRLINGTILSKUDD V-2012   00000
NY0403400000058FJELLMØY AS                   6700   MÅLØY                    000
NY0403410000058Gate 5 nr 90                                                   00
NY04034900000580011KONTROLLER BELØPET                      000000000000000000000
NY04034900000580012LÆRLINGTILSKUDD                         000000000000000000000
NY04034900000580021DERSOM DET ER ENDRINGER I LÆREFORHOLDET 000000000000000000000
NY04034900000580031SKAL DETTE MELDES Y-NEMNDA OMGÅENDE     000000000000000000000
NY04034900000580041FOR MYE UTBETALT, SKAL TILBAKEBETALES   000000000000000000000
NY04034900000580051TIL FYLKESKASSEREREN.                   000000000000000000000
NY04033000000590407122050119100100000000011314950                         000000
NY0403310000059LÆRLINGTILTRAKTORBRANSJENS OPPLÆRINLÆRLINGTILSKUDD V-2012   00000
NY0403400000059TRAKTORBRANSJENS OPPLÆRINGSKON2851   LENA                     000
NY0403410000059Postboks 133                                                   00
NY04034900000590011KONTROLLER BELØPET                      000000000000000000000
NY04034900000590012LÆRLINGTILSKUDD                         000000000000000000000
NY04034900000590021DERSOM DET ER ENDRINGER I LÆREFORHOLDET 000000000000000000000
NY04034900000590031SKAL DETTE MELDES Y-NEMNDA OMGÅENDE     000000000000000000000
NY04034900000590041FOR MYE UTBETALT, SKAL TILBAKEBETALES   000000000000000000000
NY04034900000590051TIL FYLKESKASSEREREN.                   000000000000000000000
NY04033000000600407123853070995400000000136018221                         000000
NY0403310000060LÆRLINGTILOPPLÆRINGSKONTOR FOR FISKLÆRLINGTILSKUDD V-2012   00000
NY0403400000060OPPLÆRINGSKONTOR FOR FISKERI O6707   RAUDEBERG                000
NY0403410000060BOKS 89                                                        00
NY04034900000600011KONTROLLER BELØPET                      000000000000000000000
NY04034900000600012LÆRLINGTILSKUDD                         000000000000000000000
NY04034900000600021DERSOM DET ER ENDRINGER I LÆREFORHOLDET 000000000000000000000
NY04034900000600031SKAL DETTE MELDES Y-NEMNDA OMGÅENDE     000000000000000000000
NY04034900000600041FOR MYE UTBETALT, SKAL TILBAKEBETALES   000000000000000000000
NY04034900000600051TIL FYLKESKASSEREREN.                   000000000000000000000
NY04033000000610407123775034470500000000002730850                         000000
NY0403310000061LÆRLINGTILVAKTMESTERKOMPANIET VEST LÆRLINGTILSKUDD V-2012   00000
NY0403400000061VAKTMESTERKOMPANIET VEST AS   6901   FLORØ                    000
NY0403410000061POSTBOKS 92                                                    00
NY04034900000610011KONTROLLER BELØPET                      000000000000000000000
NY04034900000610012LÆRLINGTILSKUDD                         000000000000000000000
NY04034900000610021DERSOM DET ER ENDRINGER I LÆREFORHOLDET 000000000000000000000
NY04034900000610031SKAL DETTE MELDES Y-NEMNDA OMGÅENDE     000000000000000000000
NY04034900000610041FOR MYE UTBETALT, SKAL TILBAKEBETALES   000000000000000000000
NY04034900000610051TIL FYLKESKASSEREREN.                   000000000000000000000
NY04033000000620407123790071496400000000008064533                         000000
NY0403310000062LÆRLINGTILNORMATIC AS              LÆRLINGTILSKUDD V-2012   00000
NY0403400000062NORMATIC AS                   6771   NORDFJORDEID             000
NY0403410000062Postboks 132                                                   00
NY04034900000620011KONTROLLER BELØPET                      000000000000000000000
NY04034900000620012LÆRLINGTILSKUDD                         000000000000000000000
NY04034900000620021DERSOM DET ER ENDRINGER I LÆREFORHOLDET 000000000000000000000
NY04034900000620031SKAL DETTE MELDES Y-NEMNDA OMGÅENDE     000000000000000000000
NY04034900000620041FOR MYE UTBETALT, SKAL TILBAKEBETALES   000000000000000000000
NY04034900000620051TIL FYLKESKASSEREREN.                   000000000000000000000
NY04033000000630407123705140384400000000005204000                         000000
NY0403310000063LÆRLINGTILFJORDANE IT AS           LÆRLINGTILSKUDD V-2012   00000
NY0403400000063FJORDANE IT AS                6801   FØRDE                    000
NY0403410000063Boks 590                                                       00
NY04034900000630011KONTROLLER BELØPET                      000000000000000000000
NY04034900000630012LÆRLINGTILSKUDD                         000000000000000000000
NY04034900000630021DERSOM DET ER ENDRINGER I LÆREFORHOLDET 000000000000000000000
NY04034900000630031SKAL DETTE MELDES Y-NEMNDA OMGÅENDE     000000000000000000000
NY04034900000630041FOR MYE UTBETALT, SKAL TILBAKEBETALES   000000000000000000000
NY04034900000630051TIL FYLKESKASSEREREN.                   000000000000000000000
NY04033000000640407123705047805000000000111102197                         000000
NY0403310000064LÆRLINGTILOPPLÆRINGSKONTORET FOR TRLÆRLINGTILSKUDD V-2012   00000
NY0403400000064OPPLÆRINGSKONTORET FOR TRANSPO6804   FØRDE                    000
NY0403410000064Postboks 693                                                   00
NY04034900000640011KONTROLLER BELØPET                      000000000000000000000
NY04034900000640012LÆRLINGTILSKUDD                         000000000000000000000
NY04034900000640021DERSOM DET ER ENDRINGER I LÆREFORHOLDET 000000000000000000000
NY04034900000640031SKAL DETTE MELDES Y-NEMNDA OMGÅENDE     000000000000000000000
NY04034900000640041FOR MYE UTBETALT, SKAL TILBAKEBETALES   000000000000000000000
NY04034900000640051TIL FYLKESKASSEREREN.                   000000000000000000000
NY04033000000650407123700159111900000000189122099                         000000
NY0403310000065LÆRLINGTILOPPLÆRINGSKONTOR FOR PROSLÆRLINGTILSKUDD V-2012   00000
NY0403400000065OPPLÆRINGSKONTOR FOR PROSESS O6803   FØRDE                    000
NY0403410000065Postboks 492                                                   00
NY04034900000650011KONTROLLER BELØPET                      000000000000000000000
NY04034900000650012LÆRLINGTILSKUDD                         000000000000000000000
NY04034900000650021DERSOM DET ER ENDRINGER I LÆREFORHOLDET 000000000000000000000
NY04034900000650031SKAL DETTE MELDES Y-NEMNDA OMGÅENDE     000000000000000000000
NY04034900000650041FOR MYE UTBETALT, SKAL TILBAKEBETALES   000000000000000000000
NY04034900000650051TIL FYLKESKASSEREREN.                   000000000000000000000
NY04033000000660407123705141784500000000004031850                         000000
NY0403310000066LÆRLINGTILFØRDE DAGMUND HOVSLAGER  LÆRLINGTILSKUDD V-2012   00000
NY0403400000066FØRDE DAGMUND HOVSLAGER       6777   STÅRHEIM                 000
NY0403410000066Remmedalen                                                     00
NY04034900000660011KONTROLLER BELØPET                      000000000000000000000
NY04034900000660012LÆRLINGTILSKUDD                         000000000000000000000
NY04034900000660021DERSOM DET ER ENDRINGER I LÆREFORHOLDET 000000000000000000000
NY04034900000660031SKAL DETTE MELDES Y-NEMNDA OMGÅENDE     000000000000000000000
NY04034900000660041FOR MYE UTBETALT, SKAL TILBAKEBETALES   000000000000000000000
NY04034900000660051TIL FYLKESKASSEREREN.                   000000000000000000000
NY04033000000670407123820070045400000000002730850                         000000
NY0403310000067LÆRLINGTILEKORNES J E AS           LÆRLINGTILSKUDD V-2012   00000
NY0403400000067EKORNES J E AS                6763   HORNINDAL                000
NY0403410000067Ytrehorn                                                       00
NY04034900000670011KONTROLLER BELØPET                      000000000000000000000
NY04034900000670012LÆRLINGTILSKUDD                         000000000000000000000
NY04034900000670021DERSOM DET ER ENDRINGER I LÆREFORHOLDET 000000000000000000000
NY04034900000670031SKAL DETTE MELDES Y-NEMNDA OMGÅENDE     000000000000000000000
NY04034900000670041FOR MYE UTBETALT, SKAL TILBAKEBETALES   000000000000000000000
NY04034900000670051TIL FYLKESKASSEREREN.                   000000000000000000000
NY04033000000680407126554050705200000000002730850                         000000
NY0403310000068LÆRLINGTILBEST FISHING GEAR AS     LÆRLINGTILSKUDD V-2012   00000
NY0403400000068BEST FISHING GEAR AS          6717   FLATRAKET                000
NY0403410000068                                                               00
NY04034900000680011KONTROLLER BELØPET                      000000000000000000000
NY04034900000680012LÆRLINGTILSKUDD                         000000000000000000000
NY04034900000680021DERSOM DET ER ENDRINGER I LÆREFORHOLDET 000000000000000000000
NY04034900000680031SKAL DETTE MELDES Y-NEMNDA OMGÅENDE     000000000000000000000
NY04034900000680041FOR MYE UTBETALT, SKAL TILBAKEBETALES   000000000000000000000
NY04034900000680051TIL FYLKESKASSEREREN.                   000000000000000000000
NY04033000000690407123705089600600000000005461700                         000000
NY0403310000069LÆRLINGTILBYGGTEAM AS              LÆRLINGTILSKUDD V-2012   00000
NY0403400000069BYGGTEAM AS                   6803   FØRDE                    000
NY0403410000069Boks 419                                                       00
NY04034900000690011KONTROLLER BELØPET                      000000000000000000000
NY04034900000690012LÆRLINGTILSKUDD                         000000000000000000000
NY04034900000690021DERSOM DET ER ENDRINGER I LÆREFORHOLDET 000000000000000000000
NY04034900000690031SKAL DETTE MELDES Y-NEMNDA OMGÅENDE     000000000000000000000
NY04034900000690041FOR MYE UTBETALT, SKAL TILBAKEBETALES   000000000000000000000
NY04034900000690051TIL FYLKESKASSEREREN.                   000000000000000000000
NY04033000000700407121503237381700000000005202921                         000000
NY0403310000070LÆRLINGTILRAISE AS                 LÆRLINGTILSKUDD V-2012   00000
NY0403400000070RAISE AS                      0155   OSLO                     000
NY0403410000070Storgata 1                                                     00
NY04034900000700011KONTROLLER BELØPET                      000000000000000000000
NY04034900000700012LÆRLINGTILSKUDD                         000000000000000000000
NY04034900000700021DERSOM DET ER ENDRINGER I LÆREFORHOLDET 000000000000000000000
NY04034900000700031SKAL DETTE MELDES Y-NEMNDA OMGÅENDE     000000000000000000000
NY04034900000700041FOR MYE UTBETALT, SKAL TILBAKEBETALES   000000000000000000000
NY04034900000700051TIL FYLKESKASSEREREN.                   000000000000000000000
NY04033000000710407123208201642100000000023096821                         000000
NY0403310000071LÆRLINGTILFORENINGEN FRISØRFAGET OPLÆRLINGTILSKUDD V-2012   00000
NY0403400000071FORENINGEN FRISØRFAGET OPPLÆRI5013   BERGEN                   000
NY0403410000071Strandgaten 7                                                  00
NY04034900000710011KONTROLLER BELØPET                      000000000000000000000
NY04034900000710012LÆRLINGTILSKUDD                         000000000000000000000
NY04034900000710021DERSOM DET ER ENDRINGER I LÆREFORHOLDET 000000000000000000000
NY04034900000710031SKAL DETTE MELDES Y-NEMNDA OMGÅENDE     000000000000000000000
NY04034900000710041FOR MYE UTBETALT, SKAL TILBAKEBETALES   000000000000000000000
NY04034900000710051TIL FYLKESKASSEREREN.                   000000000000000000000
NY04033000000720407126554051148300000000001561200                         000000
NY0403310000072LÆRLINGTILSTADPIPE AS              LÆRLINGTILSKUDD V-2012   00000
NY0403400000072STADPIPE AS                   6750   STADLANDET               000
NY0403410000072Stad Næringspark                                               00
NY04034900000720011KONTROLLER BELØPET                      000000000000000000000
NY04034900000720012LÆRLINGTILSKUDD                         000000000000000000000
NY04034900000720021DERSOM DET ER ENDRINGER I LÆREFORHOLDET 000000000000000000000
NY04034900000720031SKAL DETTE MELDES Y-NEMNDA OMGÅENDE     000000000000000000000
NY04034900000720041FOR MYE UTBETALT, SKAL TILBAKEBETALES   000000000000000000000
NY04034900000720051TIL FYLKESKASSEREREN.                   000000000000000000000
NY04033000000730407123800103717700000000087380308                         000000
NY0403310000073LÆRLINGTILOPPLÆRINGSKONTORET FOR TILÆRLINGTILSKUDD V-2012   00000
NY0403400000073OPPLÆRINGSKONTORET FOR TILRETT6991   HØYANGER                 000
NY0403410000073Sogneprodukter as             Postboks 164                     00
NY04034900000730011KONTROLLER BELØPET                      000000000000000000000
NY04034900000730012LÆRLINGTILSKUDD                         000000000000000000000
NY04034900000730021DERSOM DET ER ENDRINGER I LÆREFORHOLDET 000000000000000000000
NY04034900000730031SKAL DETTE MELDES Y-NEMNDA OMGÅENDE     000000000000000000000
NY04034900000730041FOR MYE UTBETALT, SKAL TILBAKEBETALES   000000000000000000000
NY04034900000730051TIL FYLKESKASSEREREN.                   000000000000000000000
NY04033000000740407127694050231000000000003122400                         000000
NY0403310000074LÆRLINGTILLOTTERI-  OG STIFTELSESTILÆRLINGTILSKUDD V-2012   00000
NY0403400000074LOTTERI-  OG STIFTELSESTILSYNE6801   FØRDE                    000
NY0403410000074PB 800                                                         00
NY04034900000740011KONTROLLER BELØPET                      000000000000000000000
NY04034900000740012LÆRLINGTILSKUDD                         000000000000000000000
NY04034900000740021DERSOM DET ER ENDRINGER I LÆREFORHOLDET 000000000000000000000
NY04034900000740031SKAL DETTE MELDES Y-NEMNDA OMGÅENDE     000000000000000000000
NY04034900000740041FOR MYE UTBETALT, SKAL TILBAKEBETALES   000000000000000000000
NY04034900000740051TIL FYLKESKASSEREREN.                   000000000000000000000
NY04033000000750407123703200115800000000005213450                         000000
NY0403310000075LÆRLINGTILVIKENS AUDHILD VEVSTOVE ALÆRLINGTILSKUDD V-2012   00000
NY0403400000075VIKENS AUDHILD VEVSTOVE AS    6800   FØRDE                    000
NY0403410000075Naustdalsvegen 1A                                              00
NY04034900000750011KONTROLLER BELØPET                      000000000000000000000
NY04034900000750012LÆRLINGTILSKUDD                         000000000000000000000
NY04034900000750021DERSOM DET ER ENDRINGER I LÆREFORHOLDET 000000000000000000000
NY04034900000750031SKAL DETTE MELDES Y-NEMNDA OMGÅENDE     000000000000000000000
NY04034900000750041FOR MYE UTBETALT, SKAL TILBAKEBETALES   000000000000000000000
NY04034900000750051TIL FYLKESKASSEREREN.                   000000000000000000000
NY04033000000760407123705032145300000000002184680                         000000
NY0403310000076LÆRLINGTILPEBO RØR AS              LÆRLINGTILSKUDD V-2012   00000
NY0403400000076PEBO RØR AS                   6826   BYRKJELO                 000
NY0403410000076Postboks 93                                                    00
NY04034900000760011KONTROLLER BELØPET                      000000000000000000000
NY04034900000760012LÆRLINGTILSKUDD                         000000000000000000000
NY04034900000760021DERSOM DET ER ENDRINGER I LÆREFORHOLDET 000000000000000000000
NY04034900000760031SKAL DETTE MELDES Y-NEMNDA OMGÅENDE     000000000000000000000
NY04034900000760041FOR MYE UTBETALT, SKAL TILBAKEBETALES   000000000000000000000
NY04034900000760051TIL FYLKESKASSEREREN.                   000000000000000000000
NY04033000000770407123730070576700000000002730850                         000000
NY0403310000077LÆRLINGTILAGNITIO AS               LÆRLINGTILSKUDD V-2012   00000
NY0403400000077AGNITIO AS                    6884   ØVRE ÅRDAL               000
NY0403410000077Årdalsvegen 3                                                  00
NY04034900000770011KONTROLLER BELØPET                      000000000000000000000
NY04034900000770012LÆRLINGTILSKUDD                         000000000000000000000
NY04034900000770021DERSOM DET ER ENDRINGER I LÆREFORHOLDET 000000000000000000000
NY04034900000770031SKAL DETTE MELDES Y-NEMNDA OMGÅENDE     000000000000000000000
NY04034900000770041FOR MYE UTBETALT, SKAL TILBAKEBETALES   000000000000000000000
NY04034900000770051TIL FYLKESKASSEREREN.                   000000000000000000000
NY04033000000780407126546052983700000000003627000                         000000
NY0403310000078LÆRLINGTILELKJØP FJORDANE AS       LÆRLINGTILSKUDD V-2012   00000
NY0403400000078ELKJØP FJORDANE AS            6900   FLORØ                    000
NY0403410000078Fugleskjærgata 6                                               00
NY04034900000780011KONTROLLER BELØPET                      000000000000000000000
NY04034900000780012LÆRLINGTILSKUDD                         000000000000000000000
NY04034900000780021DERSOM DET ER ENDRINGER I LÆREFORHOLDET 000000000000000000000
NY04034900000780031SKAL DETTE MELDES Y-NEMNDA OMGÅENDE     000000000000000000000
NY04034900000780041FOR MYE UTBETALT, SKAL TILBAKEBETALES   000000000000000000000
NY04034900000780051TIL FYLKESKASSEREREN.                   000000000000000000000
NY04033000000790407126550059773300000000000364113                         000000
NY0403310000079LÆRLINGTILFJORD1 NORDVESTLANDSKE ASLÆRLINGTILSKUDD V-2012   00000
NY0403400000079FJORD1 NORDVESTLANDSKE AS     6901   FLORØ                    000
NY0403410000079Postboks 354                                                   00
NY04034900000790011KONTROLLER BELØPET                      000000000000000000000
NY04034900000790012LÆRLINGTILSKUDD                         000000000000000000000
NY04034900000790021DERSOM DET ER ENDRINGER I LÆREFORHOLDET 000000000000000000000
NY04034900000790031SKAL DETTE MELDES Y-NEMNDA OMGÅENDE     000000000000000000000
NY04034900000790041FOR MYE UTBETALT, SKAL TILBAKEBETALES   000000000000000000000
NY04034900000790051TIL FYLKESKASSEREREN.                   000000000000000000000
NY04033000000800407123705045358900000000001561200                         000000
NY0403310000080LÆRLINGTILSÆTHRE WALTHER & CO AS   LÆRLINGTILSKUDD V-2012   00000
NY0403400000080SÆTHRE WALTHER & CO AS        6851   SOGNDAL                  000
NY0403410000080Postboks 92                                                    00
NY04034900000800011KONTROLLER BELØPET                      000000000000000000000
NY04034900000800012LÆRLINGTILSKUDD                         000000000000000000000
NY04034900000800021DERSOM DET ER ENDRINGER I LÆREFORHOLDET 000000000000000000000
NY04034900000800031SKAL DETTE MELDES Y-NEMNDA OMGÅENDE     000000000000000000000
NY04034900000800041FOR MYE UTBETALT, SKAL TILBAKEBETALES   000000000000000000000
NY04034900000800051TIL FYLKESKASSEREREN.                   000000000000000000000
NY04033000000810407123705042441400000000003641133                         000000
NY0403310000081LÆRLINGTILDACO MEKANISKE AS        LÆRLINGTILSKUDD V-2012   00000
NY0403400000081DACO MEKANISKE AS             6854   KAUPANGER                000
NY0403410000081Vangestadveien 10                                              00
NY04034900000810011KONTROLLER BELØPET                      000000000000000000000
NY04034900000810012LÆRLINGTILSKUDD                         000000000000000000000
NY04034900000810021DERSOM DET ER ENDRINGER I LÆREFORHOLDET 000000000000000000000
NY04034900000810031SKAL DETTE MELDES Y-NEMNDA OMGÅENDE     000000000000000000000
NY04034900000810041FOR MYE UTBETALT, SKAL TILBAKEBETALES   000000000000000000000
NY04034900000810051TIL FYLKESKASSEREREN.                   000000000000000000000
NY04033000000820407125082084732300000000028990250                         000000
NY0403310000082LÆRLINGTILHELSE FØRDE HF           LÆRLINGTILSKUDD V-2012   00000
NY0403400000082HELSE FØRDE HF                6807   FØRDE                    000
NY0403410000082Ambulansetenesta              Postboks 1000                    00
NY04034900000820011KONTROLLER BELØPET                      000000000000000000000
NY04034900000820012LÆRLINGTILSKUDD                         000000000000000000000
NY04034900000820021DERSOM DET ER ENDRINGER I LÆREFORHOLDET 000000000000000000000
NY04034900000820031SKAL DETTE MELDES Y-NEMNDA OMGÅENDE     000000000000000000000
NY04034900000820041FOR MYE UTBETALT, SKAL TILBAKEBETALES   000000000000000000000
NY04034900000820051TIL FYLKESKASSEREREN.                   000000000000000000000
NY04033000000830407123720155655500000000005567600                         000000
NY0403310000083LÆRLINGTILYNDESTAD MEKANISKE AS    LÆRLINGTILSKUDD V-2012   00000
NY0403400000083YNDESTAD MEKANISKE AS         6977   BYGSTAD                  000
NY0403410000083Yndestad                                                       00
NY04034900000830011KONTROLLER BELØPET                      000000000000000000000
NY04034900000830012LÆRLINGTILSKUDD                         000000000000000000000
NY04034900000830021DERSOM DET ER ENDRINGER I LÆREFORHOLDET 000000000000000000000
NY04034900000830031SKAL DETTE MELDES Y-NEMNDA OMGÅENDE     000000000000000000000
NY04034900000830041FOR MYE UTBETALT, SKAL TILBAKEBETALES   000000000000000000000
NY04034900000830051TIL FYLKESKASSEREREN.                   000000000000000000000
NY04033000000840407123705047833600000000098610946                         000000
NY0403310000084LÆRLINGTILOPPLÆRINGSKONTORET FOR ANLÆRLINGTILSKUDD V-2012   00000
NY0403400000084OPPLÆRINGSKONTORET FOR ANLEGG 6804   FØRDE                    000
NY0403410000084Postboks 693                                                   00
NY04034900000840011KONTROLLER BELØPET                      000000000000000000000
NY04034900000840012LÆRLINGTILSKUDD                         000000000000000000000
NY04034900000840021DERSOM DET ER ENDRINGER I LÆREFORHOLDET 000000000000000000000
NY04034900000840031SKAL DETTE MELDES Y-NEMNDA OMGÅENDE     000000000000000000000
NY04034900000840041FOR MYE UTBETALT, SKAL TILBAKEBETALES   000000000000000000000
NY04034900000840051TIL FYLKESKASSEREREN.                   000000000000000000000
NY04033000000850407123705038270300000000005461700                         000000
NY0403310000085LÆRLINGTILESPESETH BYGG AS         LÆRLINGTILSKUDD V-2012   00000
NY0403400000085ESPESETH BYGG AS              6801   FØRDE                    000
NY0403410000085Postboks 442                                                   00
NY04034900000850011KONTROLLER BELØPET                      000000000000000000000
NY04034900000850012LÆRLINGTILSKUDD                         000000000000000000000
NY04034900000850021DERSOM DET ER ENDRINGER I LÆREFORHOLDET 000000000000000000000
NY04034900000850031SKAL DETTE MELDES Y-NEMNDA OMGÅENDE     000000000000000000000
NY04034900000850041FOR MYE UTBETALT, SKAL TILBAKEBETALES   000000000000000000000
NY04034900000850051TIL FYLKESKASSEREREN.                   000000000000000000000
NY04033000000860407123720078715400000000005213450                         000000
NY0403310000086LÆRLINGTILMYKLEBUST KUNST & HANDVERLÆRLINGTILSKUDD V-2012   00000
NY0403400000086MYKLEBUST KUNST & HANDVERK AS 6847   VASSENDEN                000
NY0403410000086Myklebust                                                      00
NY04034900000860011KONTROLLER BELØPET                      000000000000000000000
NY04034900000860012LÆRLINGTILSKUDD                         000000000000000000000
NY04034900000860021DERSOM DET ER ENDRINGER I LÆREFORHOLDET 000000000000000000000
NY04034900000860031SKAL DETTE MELDES Y-NEMNDA OMGÅENDE     000000000000000000000
NY04034900000860041FOR MYE UTBETALT, SKAL TILBAKEBETALES   000000000000000000000
NY04034900000860051TIL FYLKESKASSEREREN.                   000000000000000000000
NY04033000000870407125083055050700000000001561200                         000000
NY0403310000087LÆRLINGTILSOGN OG FJORDANE ENERGI ALÆRLINGTILSKUDD V-2012   00000
NY0403400000087SOGN OG FJORDANE ENERGI AS    6823   SANDANE                  000
NY0403410000087Bukta c/o Sogn og Fjordane Ene                                 00
NY04034900000870011KONTROLLER BELØPET                      000000000000000000000
NY04034900000870012LÆRLINGTILSKUDD                         000000000000000000000
NY04034900000870021DERSOM DET ER ENDRINGER I LÆREFORHOLDET 000000000000000000000
NY04034900000870031SKAL DETTE MELDES Y-NEMNDA OMGÅENDE     000000000000000000000
NY04034900000870041FOR MYE UTBETALT, SKAL TILBAKEBETALES   000000000000000000000
NY04034900000870051TIL FYLKESKASSEREREN.                   000000000000000000000
NY04033000000880407125083055089200000000002184680                         000000
NY0403310000088LÆRLINGTILSFE PRODUKSJON AS        LÆRLINGTILSKUDD V-2012   00000
NY0403400000088SFE PRODUKSJON AS             6823   SANDANE                  000
NY0403410000088Bukta                                                          00
NY04034900000880011KONTROLLER BELØPET                      000000000000000000000
NY04034900000880012LÆRLINGTILSKUDD                         000000000000000000000
NY04034900000880021DERSOM DET ER ENDRINGER I LÆREFORHOLDET 000000000000000000000
NY04034900000880031SKAL DETTE MELDES Y-NEMNDA OMGÅENDE     000000000000000000000
NY04034900000880041FOR MYE UTBETALT, SKAL TILBAKEBETALES   000000000000000000000
NY04034900000880051TIL FYLKESKASSEREREN.                   000000000000000000000
NY04033000000890407125083055091400000000023561767                         000000
NY0403310000089LÆRLINGTILSFE NETT AS              LÆRLINGTILSKUDD V-2012   00000
NY0403400000089SFE NETT AS                   6823   SANDANE                  000
NY0403410000089Bukta                                                          00
NY04034900000890011KONTROLLER BELØPET                      000000000000000000000
NY04034900000890012LÆRLINGTILSKUDD                         000000000000000000000
NY04034900000890021DERSOM DET ER ENDRINGER I LÆREFORHOLDET 000000000000000000000
NY04034900000890031SKAL DETTE MELDES Y-NEMNDA OMGÅENDE     000000000000000000000
NY04034900000890041FOR MYE UTBETALT, SKAL TILBAKEBETALES   000000000000000000000
NY04034900000890051TIL FYLKESKASSEREREN.                   000000000000000000000
NY04033000000900407123700051389000000000003641133                         000000
NY0403310000090LÆRLINGTILNAUSTDAL DAMPBAKERI AS   LÆRLINGTILSKUDD V-2012   00000
NY0403400000090NAUSTDAL DAMPBAKERI AS        6801   FØRDE                    000
NY0403410000090Postboks 406                                                   00
NY04034900000900011KONTROLLER BELØPET                      000000000000000000000
NY04034900000900012LÆRLINGTILSKUDD                         000000000000000000000
NY04034900000900021DERSOM DET ER ENDRINGER I LÆREFORHOLDET 000000000000000000000
NY04034900000900031SKAL DETTE MELDES Y-NEMNDA OMGÅENDE     000000000000000000000
NY04034900000900041FOR MYE UTBETALT, SKAL TILBAKEBETALES   000000000000000000000
NY04034900000900051TIL FYLKESKASSEREREN.                   000000000000000000000
NY04033000000910407123705058913800000000005461700                         000000
NY0403310000091LÆRLINGTILLEIKANGER MASKINSERVICE ALÆRLINGTILSKUDD V-2012   00000
NY0403400000091LEIKANGER MASKINSERVICE AS    6863   LEIKANGER                000
NY0403410000091Dalsvegen 13                                                   00
NY04034900000910011KONTROLLER BELØPET                      000000000000000000000
NY04034900000910012LÆRLINGTILSKUDD                         000000000000000000000
NY04034900000910021DERSOM DET ER ENDRINGER I LÆREFORHOLDET 000000000000000000000
NY04034900000910031SKAL DETTE MELDES Y-NEMNDA OMGÅENDE     000000000000000000000
NY04034900000910041FOR MYE UTBETALT, SKAL TILBAKEBETALES   000000000000000000000
NY04034900000910051TIL FYLKESKASSEREREN.                   000000000000000000000
NY04033000000920407123420151236200000000003572178                         000000
NY0403310000092LÆRLINGTILDJUPVIK VIDAR            LÆRLINGTILSKUDD V-2012   00000
NY0403400000092DJUPVIK VIDAR                 6843   SKEI I JØLSTER           000
NY0403410000092Årdal                                                          00
NY04034900000920011KONTROLLER BELØPET                      000000000000000000000
NY04034900000920012LÆRLINGTILSKUDD                         000000000000000000000
NY04034900000920021DERSOM DET ER ENDRINGER I LÆREFORHOLDET 000000000000000000000
NY04034900000920031SKAL DETTE MELDES Y-NEMNDA OMGÅENDE     000000000000000000000
NY04034900000920041FOR MYE UTBETALT, SKAL TILBAKEBETALES   000000000000000000000
NY04034900000920051TIL FYLKESKASSEREREN.                   000000000000000000000
NY04033000000930407127050065409900000000004838220                         000000
NY0403310000093LÆRLINGTILSTATKRAFT ENERGI AS      LÆRLINGTILSKUDD V-2012   00000
NY0403400000093STATKRAFT ENERGI AS           6868   GAUPNE                   000
NY0403410000093Gaupnegrandane                                                 00
NY04034900000930011KONTROLLER BELØPET                      000000000000000000000
NY04034900000930012LÆRLINGTILSKUDD                         000000000000000000000
NY04034900000930021DERSOM DET ER ENDRINGER I LÆREFORHOLDET 000000000000000000000
NY04034900000930031SKAL DETTE MELDES Y-NEMNDA OMGÅENDE     000000000000000000000
NY04034900000930041FOR MYE UTBETALT, SKAL TILBAKEBETALES   000000000000000000000
NY04034900000930051TIL FYLKESKASSEREREN.                   000000000000000000000
NY04033000000940407125082087361800000000001561200                         000000
NY0403310000094LÆRLINGTILHELSE VEST IKT AS        LÆRLINGTILSKUDD V-2012   00000
NY0403400000094HELSE VEST IKT AS             5021   BERGEN                   000
NY0403410000094Jonas Liesv. 65                                                00
NY04034900000940011KONTROLLER BELØPET                      000000000000000000000
NY04034900000940012LÆRLINGTILSKUDD                         000000000000000000000
NY04034900000940021DERSOM DET ER ENDRINGER I LÆREFORHOLDET 000000000000000000000
NY04034900000940031SKAL DETTE MELDES Y-NEMNDA OMGÅENDE     000000000000000000000
NY04034900000940041FOR MYE UTBETALT, SKAL TILBAKEBETALES   000000000000000000000
NY04034900000940051TIL FYLKESKASSEREREN.                   000000000000000000000
NY04033000000950407123705083613500000000001561200                         000000
NY0403310000095LÆRLINGTILENTEN ELLER FRISØR HUD OGLÆRLINGTILSKUDD V-2012   00000
NY0403400000095ENTEN ELLER FRISØR HUD OG VELV6781   STRYN                    000
NY0403410000095Postboks 73                                                    00
NY04034900000950011KONTROLLER BELØPET                      000000000000000000000
NY04034900000950012LÆRLINGTILSKUDD                         000000000000000000000
NY04034900000950021DERSOM DET ER ENDRINGER I LÆREFORHOLDET 000000000000000000000
NY04034900000950031SKAL DETTE MELDES Y-NEMNDA OMGÅENDE     000000000000000000000
NY04034900000950041FOR MYE UTBETALT, SKAL TILBAKEBETALES   000000000000000000000
NY04034900000950051TIL FYLKESKASSEREREN.                   000000000000000000000
NY04033000000960407123705083415900000000002730850                         000000
NY0403310000096LÆRLINGTILBJORØY BYGG AS           LÆRLINGTILSKUDD V-2012   00000
NY0403400000096BJORØY BYGG AS                6924   HARDBAKKE                000
NY0403410000096v/ Elling Harry Bjorøy                                         00
NY04034900000960011KONTROLLER BELØPET                      000000000000000000000
NY04034900000960012LÆRLINGTILSKUDD                         000000000000000000000
NY04034900000960021DERSOM DET ER ENDRINGER I LÆREFORHOLDET 000000000000000000000
NY04034900000960031SKAL DETTE MELDES Y-NEMNDA OMGÅENDE     000000000000000000000
NY04034900000960041FOR MYE UTBETALT, SKAL TILBAKEBETALES   000000000000000000000
NY04034900000960051TIL FYLKESKASSEREREN.                   000000000000000000000
NY04033000000970407123705086382500000000004004792                         000000
NY0403310000097LÆRLINGTILHÅRLEK FRISØR SIREN HELLELÆRLINGTILSKUDD V-2012   00000
NY0403400000097HÅRLEK FRISØR SIREN HELLE     6900   FLORØ                    000
NY0403410000097Strandgt. 43                                                   00
NY04034900000970011KONTROLLER BELØPET                      000000000000000000000
NY04034900000970012LÆRLINGTILSKUDD                         000000000000000000000
NY04034900000970021DERSOM DET ER ENDRINGER I LÆREFORHOLDET 000000000000000000000
NY04034900000970031SKAL DETTE MELDES Y-NEMNDA OMGÅENDE     000000000000000000000
NY04034900000970041FOR MYE UTBETALT, SKAL TILBAKEBETALES   000000000000000000000
NY04034900000970051TIL FYLKESKASSEREREN.                   000000000000000000000
NY04033000000980407123705086580100000000002184680                         000000
NY0403310000098LÆRLINGTILBAARØY ANLEGGSGARTNER    LÆRLINGTILSKUDD V-2012   00000
NY0403400000098BAARØY ANLEGGSGARTNER         6800   FØRDE                    000
NY0403410000098Ramstad                                                        00
NY04034900000980011KONTROLLER BELØPET                      000000000000000000000
NY04034900000980012LÆRLINGTILSKUDD                         000000000000000000000
NY04034900000980021DERSOM DET ER ENDRINGER I LÆREFORHOLDET 000000000000000000000
NY04034900000980031SKAL DETTE MELDES Y-NEMNDA OMGÅENDE     000000000000000000000
NY04034900000980041FOR MYE UTBETALT, SKAL TILBAKEBETALES   000000000000000000000
NY04034900000980051TIL FYLKESKASSEREREN.                   000000000000000000000
NY04033000000990407123720124521500000000001040800                         000000
NY0403310000099LÆRLINGTILXS DATA & MULTIMEDIA AS  LÆRLINGTILSKUDD V-2012   00000
NY0403400000099XS DATA & MULTIMEDIA AS       6851   SOGNDAL                  000
NY0403410000099Postboks 180                                                   00
NY04034900000990011KONTROLLER BELØPET                      000000000000000000000
NY04034900000990012LÆRLINGTILSKUDD                         000000000000000000000
NY04034900000990021DERSOM DET ER ENDRINGER I LÆREFORHOLDET 000000000000000000000
NY04034900000990031SKAL DETTE MELDES Y-NEMNDA OMGÅENDE     000000000000000000000
NY04034900000990041FOR MYE UTBETALT, SKAL TILBAKEBETALES   000000000000000000000
NY04034900000990051TIL FYLKESKASSEREREN.                   000000000000000000000
NY04033000001000407125381051937800000000008028300                         000000
NY0403310000100LÆRLINGTILMÅLØY BYGG AS            LÆRLINGTILSKUDD V-2012   00000
NY0403400000100MÅLØY BYGG AS                 6718   DEKNEPOLLEN              000
NY0403410000100Måløy Storsenter                                               00
NY04034900001000011KONTROLLER BELØPET                      000000000000000000000
NY04034900001000012LÆRLINGTILSKUDD                         000000000000000000000
NY04034900001000021DERSOM DET ER ENDRINGER I LÆREFORHOLDET 000000000000000000000
NY04034900001000031SKAL DETTE MELDES Y-NEMNDA OMGÅENDE     000000000000000000000
NY04034900001000041FOR MYE UTBETALT, SKAL TILBAKEBETALES   000000000000000000000
NY04034900001000051TIL FYLKESKASSEREREN.                   000000000000000000000
NY04033000001010407128150109388200000000005202333                         000000
NY0403310000101LÆRLINGTILJOISAL AS                LÆRLINGTILSKUDD V-2012   00000
NY0403400000101JOISAL AS                     6800   FØRDE                    000
NY0403410000101Kronborgveien 5                                                00
NY04034900001010011KONTROLLER BELØPET                      000000000000000000000
NY04034900001010012LÆRLINGTILSKUDD                         000000000000000000000
NY04034900001010021DERSOM DET ER ENDRINGER I LÆREFORHOLDET 000000000000000000000
NY04034900001010031SKAL DETTE MELDES Y-NEMNDA OMGÅENDE     000000000000000000000
NY04034900001010041FOR MYE UTBETALT, SKAL TILBAKEBETALES   000000000000000000000
NY04034900001010051TIL FYLKESKASSEREREN.                   000000000000000000000
NY04033000001020407123705113341300000000002730850                         000000
NY0403310000102LÆRLINGTILGRØNSBERG K AS           LÆRLINGTILSKUDD V-2012   00000
NY0403400000102GRØNSBERG K AS                6900   FLORØ                    000
NY0403410000102Strandgata 35                                                  00
NY04034900001020011KONTROLLER BELØPET                      000000000000000000000
NY04034900001020012LÆRLINGTILSKUDD                         000000000000000000000
NY04034900001020021DERSOM DET ER ENDRINGER I LÆREFORHOLDET 000000000000000000000
NY04034900001020031SKAL DETTE MELDES Y-NEMNDA OMGÅENDE     000000000000000000000
NY04034900001020041FOR MYE UTBETALT, SKAL TILBAKEBETALES   000000000000000000000
NY04034900001020051TIL FYLKESKASSEREREN.                   000000000000000000000
NY04033000001030407123705114219600000000001301000                         000000
NY0403310000103LÆRLINGTILAFRODITE DAME OG HERREFRILÆRLINGTILSKUDD V-2012   00000
NY0403400000103AFRODITE DAME OG HERREFRISØR A6761   HORNINDAL                000
NY0403410000103Boks 71                                                        00
NY04034900001030011KONTROLLER BELØPET                      000000000000000000000
NY04034900001030012LÆRLINGTILSKUDD                         000000000000000000000
NY04034900001030021DERSOM DET ER ENDRINGER I LÆREFORHOLDET 000000000000000000000
NY04034900001030031SKAL DETTE MELDES Y-NEMNDA OMGÅENDE     000000000000000000000
NY04034900001030041FOR MYE UTBETALT, SKAL TILBAKEBETALES   000000000000000000000
NY04034900001030051TIL FYLKESKASSEREREN.                   000000000000000000000
NY04033000001040407123720128398200000000331225242                         000000
NY0403310000104LÆRLINGTILOPPLÆRINGSKONTORET FOR BYLÆRLINGTILSKUDD V-2012   00000
NY0403400000104OPPLÆRINGSKONTORET FOR BYGG OG6803   FØRDE                    000
NY0403410000104Postboks 572                                                   00
NY04034900001040011KONTROLLER BELØPET                      000000000000000000000
NY04034900001040012LÆRLINGTILSKUDD                         000000000000000000000
NY04034900001040021DERSOM DET ER ENDRINGER I LÆREFORHOLDET 000000000000000000000
NY04034900001040031SKAL DETTE MELDES Y-NEMNDA OMGÅENDE     000000000000000000000
NY04034900001040041FOR MYE UTBETALT, SKAL TILBAKEBETALES   000000000000000000000
NY04034900001040051TIL FYLKESKASSEREREN.                   000000000000000000000
NY04033000001050407123790137159900000000002730850                         000000
NY0403310000105LÆRLINGTILBAKERIE AS               LÆRLINGTILSKUDD V-2012   00000
NY0403400000105BAKERIE AS                    6711   BRYGGJA                  000
NY0403410000105                                                               00
NY04034900001050011KONTROLLER BELØPET                      000000000000000000000
NY04034900001050012LÆRLINGTILSKUDD                         000000000000000000000
NY04034900001050021DERSOM DET ER ENDRINGER I LÆREFORHOLDET 000000000000000000000
NY04034900001050031SKAL DETTE MELDES Y-NEMNDA OMGÅENDE     000000000000000000000
NY04034900001050041FOR MYE UTBETALT, SKAL TILBAKEBETALES   000000000000000000000
NY04034900001050051TIL FYLKESKASSEREREN.                   000000000000000000000
NY04033000001060407123790070444600000000001561200                         000000
NY0403310000106LÆRLINGTILSTÅRHEIM BYGG AS         LÆRLINGTILSKUDD V-2012   00000
NY0403400000106STÅRHEIM BYGG AS              6777   STÅRHEIM                 000
NY0403410000106Stårheim                                                       00
NY04034900001060011KONTROLLER BELØPET                      000000000000000000000
NY04034900001060012LÆRLINGTILSKUDD                         000000000000000000000
NY04034900001060021DERSOM DET ER ENDRINGER I LÆREFORHOLDET 000000000000000000000
NY04034900001060031SKAL DETTE MELDES Y-NEMNDA OMGÅENDE     000000000000000000000
NY04034900001060041FOR MYE UTBETALT, SKAL TILBAKEBETALES   000000000000000000000
NY04034900001060051TIL FYLKESKASSEREREN.                   000000000000000000000
NY04033000001070407123705140859500000000003641133                         000000
NY0403310000107LÆRLINGTILASKEDALEN BARNEHAGE AS   LÆRLINGTILSKUDD V-2012   00000
NY0403400000107ASKEDALEN BARNEHAGE AS        6863   LEIKANGER                000
NY0403410000107Askedalen 1                                                    00
NY04034900001070011KONTROLLER BELØPET                      000000000000000000000
NY04034900001070012LÆRLINGTILSKUDD                         000000000000000000000
NY04034900001070021DERSOM DET ER ENDRINGER I LÆREFORHOLDET 000000000000000000000
NY04034900001070031SKAL DETTE MELDES Y-NEMNDA OMGÅENDE     000000000000000000000
NY04034900001070041FOR MYE UTBETALT, SKAL TILBAKEBETALES   000000000000000000000
NY04034900001070051TIL FYLKESKASSEREREN.                   000000000000000000000
NY04033000001080407123720150479200000000002730850                         000000
NY0403310000108LÆRLINGTILLILLY'S FRISØRSALONG AS  LÆRLINGTILSKUDD V-2012   00000
NY0403400000108LILLY'S FRISØRSALONG AS       6856   SOGNDAL                  000
NY0403410000108Fjørevegen 2                                                   00
NY04034900001080011KONTROLLER BELØPET                      000000000000000000000
NY04034900001080012LÆRLINGTILSKUDD                         000000000000000000000
NY04034900001080021DERSOM DET ER ENDRINGER I LÆREFORHOLDET 000000000000000000000
NY04034900001080031SKAL DETTE MELDES Y-NEMNDA OMGÅENDE     000000000000000000000
NY04034900001080041FOR MYE UTBETALT, SKAL TILBAKEBETALES   000000000000000000000
NY04034900001080051TIL FYLKESKASSEREREN.                   000000000000000000000
NY04033000001090407121503091601500000000002730850                         000000
NY0403310000109LÆRLINGTILWEST SERVICE AS          LÆRLINGTILSKUDD V-2012   00000
NY0403400000109WEST SERVICE AS               6718   DEKNEPOLLEN              000
NY0403410000109Evja Industriområde                                            00
NY04034900001090011KONTROLLER BELØPET                      000000000000000000000
NY04034900001090012LÆRLINGTILSKUDD                         000000000000000000000
NY04034900001090021DERSOM DET ER ENDRINGER I LÆREFORHOLDET 000000000000000000000
NY04034900001090031SKAL DETTE MELDES Y-NEMNDA OMGÅENDE     000000000000000000000
NY04034900001090041FOR MYE UTBETALT, SKAL TILBAKEBETALES   000000000000000000000
NY04034900001090051TIL FYLKESKASSEREREN.                   000000000000000000000
NY04033000001100407121503105311800000000002730850                         000000
NY0403310000110LÆRLINGTILBUA FLORØ AS             LÆRLINGTILSKUDD V-2012   00000
NY0403400000110BUA FLORØ AS                  6900   FLORØ                    000
NY0403410000110Postboks 229                                                   00
NY04034900001100011KONTROLLER BELØPET                      000000000000000000000
NY04034900001100012LÆRLINGTILSKUDD                         000000000000000000000
NY04034900001100021DERSOM DET ER ENDRINGER I LÆREFORHOLDET 000000000000000000000
NY04034900001100031SKAL DETTE MELDES Y-NEMNDA OMGÅENDE     000000000000000000000
NY04034900001100041FOR MYE UTBETALT, SKAL TILBAKEBETALES   000000000000000000000
NY04034900001100051TIL FYLKESKASSEREREN.                   000000000000000000000
NY04033000001110407123720156137000000000000260200                         000000
NY0403310000111LÆRLINGTILTD DATA SALG LIMITED     LÆRLINGTILSKUDD V-2012   00000
NY0403400000111TD DATA SALG LIMITED          6800   FØRDE                    000
NY0403410000111Angedalen                                                      00
NY04034900001110011KONTROLLER BELØPET                      000000000000000000000
NY04034900001110012LÆRLINGTILSKUDD                         000000000000000000000
NY04034900001110021DERSOM DET ER ENDRINGER I LÆREFORHOLDET 000000000000000000000
NY04034900001110031SKAL DETTE MELDES Y-NEMNDA OMGÅENDE     000000000000000000000
NY04034900001110041FOR MYE UTBETALT, SKAL TILBAKEBETALES   000000000000000000000
NY04034900001110051TIL FYLKESKASSEREREN.                   000000000000000000000
NY04033000001120407123745301556500000000002730850                         000000
NY0403310000112LÆRLINGTILSALONG KRØLLE INGRID GRYMLÆRLINGTILSKUDD V-2012   00000
NY0403400000112SALONG KRØLLE INGRID GRYMYR   5745   AURLAND                  000
NY0403410000112                                                               00
NY04034900001120011KONTROLLER BELØPET                      000000000000000000000
NY04034900001120012LÆRLINGTILSKUDD                         000000000000000000000
NY04034900001120021DERSOM DET ER ENDRINGER I LÆREFORHOLDET 000000000000000000000
NY04034900001120031SKAL DETTE MELDES Y-NEMNDA OMGÅENDE     000000000000000000000
NY04034900001120041FOR MYE UTBETALT, SKAL TILBAKEBETALES   000000000000000000000
NY04034900001120051TIL FYLKESKASSEREREN.                   000000000000000000000
NY04033000001130407123785114379400000000001561200                         000000
NY0403310000113LÆRLINGTILTORGERSEN ANN KRISTIN AS LÆRLINGTILSKUDD V-2012   00000
NY0403400000113TORGERSEN ANN KRISTIN AS      6856   SOGNDAL                  000
NY0403410000113Fjørevegen 12                                                  00
NY04034900001130011KONTROLLER BELØPET                      000000000000000000000
NY04034900001130012LÆRLINGTILSKUDD                         000000000000000000000
NY04034900001130021DERSOM DET ER ENDRINGER I LÆREFORHOLDET 000000000000000000000
NY04034900001130031SKAL DETTE MELDES Y-NEMNDA OMGÅENDE     000000000000000000000
NY04034900001130041FOR MYE UTBETALT, SKAL TILBAKEBETALES   000000000000000000000
NY04034900001130051TIL FYLKESKASSEREREN.                   000000000000000000000
NY04033000001140407123785055014000000000002730850                         000000
NY0403310000114LÆRLINGTILLUSTER TRELASTLAGER AS   LÆRLINGTILSKUDD V-2012   00000
NY0403400000114LUSTER TRELASTLAGER AS        6872   LUSTER                   000
NY0403410000114Bringebakkane 4                                                00
NY04034900001140011KONTROLLER BELØPET                      000000000000000000000
NY04034900001140012LÆRLINGTILSKUDD                         000000000000000000000
NY04034900001140021DERSOM DET ER ENDRINGER I LÆREFORHOLDET 000000000000000000000
NY04034900001140031SKAL DETTE MELDES Y-NEMNDA OMGÅENDE     000000000000000000000
NY04034900001140041FOR MYE UTBETALT, SKAL TILBAKEBETALES   000000000000000000000
NY04034900001140051TIL FYLKESKASSEREREN.                   000000000000000000000
NY04033000001150407123790155836200000000000520400                         000000
NY0403310000115LÆRLINGTILLOCALHOST AS             LÆRLINGTILSKUDD V-2012   00000
NY0403400000115LOCALHOST AS                  6700   MÅLØY                    000
NY0403410000115Gate 1 nr 57                                                   00
NY04034900001150011KONTROLLER BELØPET                      000000000000000000000
NY04034900001150012LÆRLINGTILSKUDD                         000000000000000000000
NY04034900001150021DERSOM DET ER ENDRINGER I LÆREFORHOLDET 000000000000000000000
NY04034900001150031SKAL DETTE MELDES Y-NEMNDA OMGÅENDE     000000000000000000000
NY04034900001150041FOR MYE UTBETALT, SKAL TILBAKEBETALES   000000000000000000000
NY04034900001150051TIL FYLKESKASSEREREN.                   000000000000000000000
NY04033000001160407123730038176700000000072680150                         000000
NY0403310000116LÆRLINGTILÅrdal Opplæringskontor   LÆRLINGTILSKUDD V-2012   00000
NY0403400000116Årdal Opplæringskontor        6882   ØVRE ÅRDAL               000
NY0403410000116Postboks 213                                                   00
NY04034900001160011KONTROLLER BELØPET                      000000000000000000000
NY04034900001160012LÆRLINGTILSKUDD                         000000000000000000000
NY04034900001160021DERSOM DET ER ENDRINGER I LÆREFORHOLDET 000000000000000000000
NY04034900001160031SKAL DETTE MELDES Y-NEMNDA OMGÅENDE     000000000000000000000
NY04034900001160041FOR MYE UTBETALT, SKAL TILBAKEBETALES   000000000000000000000
NY04034900001160051TIL FYLKESKASSEREREN.                   000000000000000000000
NY04033000001170407123705180821600000000000910283                         000000
NY0403310000117LÆRLINGTILFOLK FRISØR AS           LÆRLINGTILSKUDD V-2012   00000
NY0403400000117FOLK FRISØR AS                6800   FØRDE                    000
NY0403410000117V/Anne-Lise Langeland         Linhamrevegen 6                  00
NY04034900001170011KONTROLLER BELØPET                      000000000000000000000
NY04034900001170012LÆRLINGTILSKUDD                         000000000000000000000
NY04034900001170021DERSOM DET ER ENDRINGER I LÆREFORHOLDET 000000000000000000000
NY04034900001170031SKAL DETTE MELDES Y-NEMNDA OMGÅENDE     000000000000000000000
NY04034900001170041FOR MYE UTBETALT, SKAL TILBAKEBETALES   000000000000000000000
NY04034900001170051TIL FYLKESKASSEREREN.                   000000000000000000000
NY04033000001180407121503250325700000000000512500                         000000
NY0403310000118LÆRLINGTILCUT FRISØR YVONNE STARHEILÆRLINGTILSKUDD V-2012   00000
NY0403400000118CUT FRISØR YVONNE STARHEIMSVIK6770   NORDFJORDEID             000
NY0403410000118Eidsgata 8                                                     00
NY04034900001180011KONTROLLER BELØPET                      000000000000000000000
NY04034900001180012LÆRLINGTILSKUDD                         000000000000000000000
NY04034900001180021DERSOM DET ER ENDRINGER I LÆREFORHOLDET 000000000000000000000
NY04034900001180031SKAL DETTE MELDES Y-NEMNDA OMGÅENDE     000000000000000000000
NY04034900001180041FOR MYE UTBETALT, SKAL TILBAKEBETALES   000000000000000000000
NY04034900001180051TIL FYLKESKASSEREREN.                   000000000000000000000
NY040088000001180000118200000002153056415040712040712000000000000000000000000000
NY000089000001180000118400000002153056415040712000000000000000000000000000000000
